<record><leader>00430nam  2200169 a 4500</leader><controlfield tag="001">99174877140001161</controlfield><controlfield tag="005">20130826145831.0</controlfield><controlfield tag="008">121103</controlfield><datafield tag="100" ind1="1" ind2="2"><subfield code="a">KIRSCHKE, JENNIFER.</subfield></datafield><datafield tag="245" ind1=" " ind2="0"><subfield code="a">HOW CAN THEY LOOK SO HAPPY?</subfield></datafield><datafield tag="562" ind1=" " ind2=" "><subfield code="a">mugcro</subfield></datafield><datafield tag="856" ind1="4" ind2="0"><subfield code="u">http://digilib.bu.edu/bucr/archive/files/c1dfcab3e5a33cc18ee470de79f279a4.PDF</subfield></datafield><datafield tag="902" ind1=" " ind2=" "><subfield code="a">mugcro</subfield></datafield><datafield tag="907" ind1=" " ind2=" "><subfield code="a">.b33480515</subfield></datafield><datafield tag="907" ind1=" " ind2=" "><subfield code="a">.b33480515</subfield></datafield><datafield tag="975" ind1=" " ind2=" "><subfield code="a">s</subfield></datafield><datafield tag="999" ind1=" " ind2=" "><subfield code="a">elect</subfield><subfield code="b">0</subfield><subfield code="d">m</subfield><subfield code="e">v</subfield><subfield code="f">s</subfield></datafield></record>