<record><leader>00503nam  2200193 a 4500</leader><controlfield tag="001">99174875650001161</controlfield><controlfield tag="005">20130801002003.0</controlfield><controlfield tag="008">121103</controlfield><datafield tag="035" ind1=" " ind2=" "><subfield code="a">MK1SP108</subfield></datafield><datafield tag="100" ind1="1" ind2="2"><subfield code="a">STEEN, JULIE A.</subfield></datafield><datafield tag="245" ind1=" " ind2="0"><subfield code="a">ROOTS OF HUMAN RIGHTS ADVOCACY AND A CALL TO ACTION.</subfield></datafield><datafield tag="562" ind1=" " ind2=" "><subfield code="a">mugcro</subfield></datafield><datafield tag="856" ind1="4" ind2="0"><subfield code="u">http://digilib.bu.edu/bucr/archive/files/cead9e17608c4dddc031a659b8ebfb5a.PDF</subfield></datafield><datafield tag="902" ind1="2" ind2=" "><subfield code="a">suppressed</subfield></datafield><datafield tag="902" ind1=" " ind2=" "><subfield code="a">mugcro</subfield></datafield><datafield tag="907" ind1=" " ind2=" "><subfield code="a">.b33484570</subfield></datafield><datafield tag="907" ind1=" " ind2=" "><subfield code="a">.b33484570</subfield></datafield><datafield tag="975" ind1=" " ind2=" "><subfield code="a">s</subfield></datafield><datafield tag="999" ind1=" " ind2=" "><subfield code="a">elect</subfield><subfield code="b">0</subfield><subfield code="d">m</subfield><subfield code="e">v</subfield><subfield code="f">s</subfield></datafield></record>