<record><leader>00491nam  2200193 a 4500</leader><controlfield tag="001">99174900720001161</controlfield><controlfield tag="005">20140815142910.0</controlfield><controlfield tag="008">121103</controlfield><datafield tag="035" ind1=" " ind2=" "><subfield code="a">MK1HB512</subfield></datafield><datafield tag="100" ind1="1" ind2="2"><subfield code="a">PERRY, BRUCE DUNCAN, 1955-</subfield></datafield><datafield tag="245" ind1=" " ind2="0"><subfield code="a">CURIOSITY, PLEASURE AND PLAY.</subfield></datafield><datafield tag="562" ind1=" " ind2=" "><subfield code="a">mugcro</subfield></datafield><datafield tag="856" ind1="4" ind2="0"><subfield code="u">http://digilib.bu.edu/bucr/archive/files/67c9c62173cc54fddfb37e5d0873361d.PDF</subfield></datafield><datafield tag="902" ind1="2" ind2=" "><subfield code="a">suppressed</subfield></datafield><datafield tag="902" ind1=" " ind2=" "><subfield code="a">mugcro</subfield></datafield><datafield tag="907" ind1=" " ind2=" "><subfield code="a">.b33476032</subfield></datafield><datafield tag="907" ind1=" " ind2=" "><subfield code="a">.b33476032</subfield></datafield><datafield tag="975" ind1=" " ind2=" "><subfield code="a">s</subfield></datafield><datafield tag="999" ind1=" " ind2=" "><subfield code="a">elect</subfield><subfield code="b">0</subfield><subfield code="d">m</subfield><subfield code="e">v</subfield><subfield code="f">s</subfield></datafield></record>