<record><leader>00539nam  2200193 a 4500</leader><controlfield tag="001">99174897300001161</controlfield><controlfield tag="005">20130813011725.0</controlfield><controlfield tag="008">121103</controlfield><datafield tag="035" ind1=" " ind2=" "><subfield code="a">MK1HB527</subfield></datafield><datafield tag="100" ind1="1" ind2="2"><subfield code="a">KASTURIRANGAN, AARATI.</subfield></datafield><datafield tag="245" ind1=" " ind2="0"><subfield code="a">IMPACT OF CULTURE AND MINORITY STATUS ON WOMEN'S EXPERIENCE OF DOMESTIC VIOLENCE.</subfield></datafield><datafield tag="562" ind1=" " ind2=" "><subfield code="a">mugcro</subfield></datafield><datafield tag="856" ind1="4" ind2="0"><subfield code="u">http://digilib.bu.edu/bucr/archive/files/8835d70bac4de5dc1860c4cfa23a8d74.PDF</subfield></datafield><datafield tag="902" ind1="2" ind2=" "><subfield code="a">suppressed</subfield></datafield><datafield tag="902" ind1=" " ind2=" "><subfield code="a">mugcro</subfield></datafield><datafield tag="907" ind1=" " ind2=" "><subfield code="a">.b33479380</subfield></datafield><datafield tag="907" ind1=" " ind2=" "><subfield code="a">.b33479380</subfield></datafield><datafield tag="975" ind1=" " ind2=" "><subfield code="a">s</subfield></datafield><datafield tag="999" ind1=" " ind2=" "><subfield code="a">elect</subfield><subfield code="b">0</subfield><subfield code="d">m</subfield><subfield code="e">v</subfield><subfield code="f">s</subfield></datafield></record>