<record><leader>00497nam  2200193 a 4500</leader><controlfield tag="001">99174896630001161</controlfield><controlfield tag="005">20130812223156.0</controlfield><controlfield tag="008">121103</controlfield><datafield tag="035" ind1=" " ind2=" "><subfield code="a">MK1HB578</subfield></datafield><datafield tag="100" ind1="1" ind2="2"><subfield code="a">HELFRICH, CHRISTINE A.</subfield></datafield><datafield tag="245" ind1=" " ind2="0"><subfield code="a">IMPROVING SERVICES FOR LESBIAN CLIENTS.</subfield></datafield><datafield tag="562" ind1=" " ind2=" "><subfield code="a">mugcro</subfield></datafield><datafield tag="856" ind1="4" ind2="0"><subfield code="u">http://digilib.bu.edu/bucr/archive/files/4a45020189d1bc88300731bfde64bb6d.PDF</subfield></datafield><datafield tag="902" ind1="2" ind2=" "><subfield code="a">suppressed</subfield></datafield><datafield tag="902" ind1=" " ind2=" "><subfield code="a">mugcro</subfield></datafield><datafield tag="907" ind1=" " ind2=" "><subfield code="a">.b33478880</subfield></datafield><datafield tag="907" ind1=" " ind2=" "><subfield code="a">.b33478880</subfield></datafield><datafield tag="975" ind1=" " ind2=" "><subfield code="a">s</subfield></datafield><datafield tag="999" ind1=" " ind2=" "><subfield code="a">elect</subfield><subfield code="b">0</subfield><subfield code="d">m</subfield><subfield code="e">v</subfield><subfield code="f">s</subfield></datafield></record>