<record><leader>00554nam  2200193 a 4500</leader><controlfield tag="001">99174898350001161</controlfield><controlfield tag="005">20130813011808.0</controlfield><controlfield tag="008">121103</controlfield><datafield tag="035" ind1=" " ind2=" "><subfield code="a">MK1HB732</subfield></datafield><datafield tag="100" ind1="1" ind2="2"><subfield code="a">GINSBURG, GOLDA S.</subfield></datafield><datafield tag="245" ind1=" " ind2="0"><subfield code="a">TRANSPORTING CBT FOR CHILDHOOD ANXIETY DISORDERS INTO INNER-CITY SCHOOL-BASED MENTAL HEALTH CLINICS.</subfield></datafield><datafield tag="562" ind1=" " ind2=" "><subfield code="a">mugcro</subfield></datafield><datafield tag="856" ind1="4" ind2="0"><subfield code="u">http://digilib.bu.edu/bucr/archive/files/e9a3a7db69ff3d7a7f2e6a52b538ff2f.PDF</subfield></datafield><datafield tag="902" ind1="2" ind2=" "><subfield code="a">suppressed</subfield></datafield><datafield tag="902" ind1=" " ind2=" "><subfield code="a">mugcro</subfield></datafield><datafield tag="907" ind1=" " ind2=" "><subfield code="a">.b33483565</subfield></datafield><datafield tag="907" ind1=" " ind2=" "><subfield code="a">.b33483565</subfield></datafield><datafield tag="975" ind1=" " ind2=" "><subfield code="a">s</subfield></datafield><datafield tag="999" ind1=" " ind2=" "><subfield code="a">elect</subfield><subfield code="b">0</subfield><subfield code="d">m</subfield><subfield code="e">v</subfield><subfield code="f">s</subfield></datafield></record>