<record><leader>00493nam  2200169 a 4500</leader><controlfield tag="001">99174889350001161</controlfield><controlfield tag="005">20130826142244.0</controlfield><controlfield tag="008">121103</controlfield><datafield tag="100" ind1="1" ind2="2"><subfield code="a">GREENE, ROBERTA R (ROBERTA RUBIN), 1940-</subfield></datafield><datafield tag="245" ind1=" " ind2="0"><subfield code="a">RISK AND RESILIENCE THEORY: SOCIAL WORK PRACTICE IN A CHANGING WORLD.</subfield></datafield><datafield tag="562" ind1=" " ind2=" "><subfield code="a">mugcro</subfield></datafield><datafield tag="856" ind1="4" ind2="0"><subfield code="u">http://digilib.bu.edu/bucr/archive/files/b59a7c16fc2cc59ffb2483e1db9f2808.PDF</subfield></datafield><datafield tag="902" ind1=" " ind2=" "><subfield code="a">mugcro</subfield></datafield><datafield tag="907" ind1=" " ind2=" "><subfield code="a">.b33482251</subfield></datafield><datafield tag="907" ind1=" " ind2=" "><subfield code="a">.b33482251</subfield></datafield><datafield tag="975" ind1=" " ind2=" "><subfield code="a">s</subfield></datafield><datafield tag="999" ind1=" " ind2=" "><subfield code="a">elect</subfield><subfield code="b">0</subfield><subfield code="d">m</subfield><subfield code="e">v</subfield><subfield code="f">s</subfield></datafield></record>