<record><leader>00477nam  2200193 a 4500</leader><controlfield tag="001">99174889590001161</controlfield><controlfield tag="005">20130813002156.0</controlfield><controlfield tag="008">121103</controlfield><datafield tag="035" ind1=" " ind2=" "><subfield code="a">MK1HB616</subfield></datafield><datafield tag="100" ind1="1" ind2="2"><subfield code="a">KARANDIKAR, SHARVARI.</subfield></datafield><datafield tag="245" ind1=" " ind2="0"><subfield code="a">FROM CLIENT TO PIMP.</subfield></datafield><datafield tag="562" ind1=" " ind2=" "><subfield code="a">mugcro</subfield></datafield><datafield tag="856" ind1="4" ind2="0"><subfield code="u">http://digilib.bu.edu/bucr/archive/files/ca86703d3144a0319897605fe0bcdeb2.PDF</subfield></datafield><datafield tag="902" ind1="2" ind2=" "><subfield code="a">suppressed</subfield></datafield><datafield tag="902" ind1=" " ind2=" "><subfield code="a">mugcro</subfield></datafield><datafield tag="907" ind1=" " ind2=" "><subfield code="a">.b33479379</subfield></datafield><datafield tag="907" ind1=" " ind2=" "><subfield code="a">.b33479379</subfield></datafield><datafield tag="975" ind1=" " ind2=" "><subfield code="a">s</subfield></datafield><datafield tag="999" ind1=" " ind2=" "><subfield code="a">elect</subfield><subfield code="b">0</subfield><subfield code="d">m</subfield><subfield code="e">v</subfield><subfield code="f">s</subfield></datafield></record>