<record><leader>00495nam  2200193 a 4500</leader><controlfield tag="001">99174862180001161</controlfield><controlfield tag="005">20130812232739.0</controlfield><controlfield tag="008">121103</controlfield><datafield tag="035" ind1=" " ind2=" "><subfield code="a">MK1HB611</subfield></datafield><datafield tag="100" ind1="1" ind2="2"><subfield code="a">CRAUN, SARAH W.</subfield></datafield><datafield tag="245" ind1=" " ind2="0"><subfield code="a">MISPERCEPTIONS OF SEX OFFENDER PERPETRATION.</subfield></datafield><datafield tag="562" ind1=" " ind2=" "><subfield code="a">mugcro</subfield></datafield><datafield tag="856" ind1="4" ind2="0"><subfield code="u">http://digilib.bu.edu/bucr/archive/files/632fd6d52530ec8f2aa299e20cc84fea.PDF</subfield></datafield><datafield tag="902" ind1="2" ind2=" "><subfield code="a">suppressed</subfield></datafield><datafield tag="902" ind1=" " ind2=" "><subfield code="a">mugcro</subfield></datafield><datafield tag="907" ind1=" " ind2=" "><subfield code="a">.b33478223</subfield></datafield><datafield tag="907" ind1=" " ind2=" "><subfield code="a">.b33478223</subfield></datafield><datafield tag="975" ind1=" " ind2=" "><subfield code="a">s</subfield></datafield><datafield tag="999" ind1=" " ind2=" "><subfield code="a">elect</subfield><subfield code="b">0</subfield><subfield code="d">m</subfield><subfield code="e">v</subfield><subfield code="f">s</subfield></datafield></record>