<record><leader>00543nam  2200193 a 4500</leader><controlfield tag="001">99174871700001161</controlfield><controlfield tag="005">20150609095355.0</controlfield><controlfield tag="008">121103</controlfield><datafield tag="035" ind1=" " ind2=" "><subfield code="a">MK1HB685</subfield></datafield><datafield tag="100" ind1="1" ind2="2"><subfield code="a">UNGAR, MICHAEL, 1963-</subfield></datafield><datafield tag="245" ind1=" " ind2="0"><subfield code="a">IMPORTANCE OF PARENTS AND OTHER CAREGIVERS TO THE RESILIENCE OF HIGH-RISK ADOLESCENTS.</subfield></datafield><datafield tag="562" ind1=" " ind2=" "><subfield code="a">mugcro</subfield></datafield><datafield tag="856" ind1="4" ind2="0"><subfield code="u">http://digilib.bu.edu/bucr/archive/files/6ab1b2a022650c638b653b4d9ae6d555.PDF</subfield></datafield><datafield tag="902" ind1="2" ind2=" "><subfield code="a">suppressed</subfield></datafield><datafield tag="902" ind1=" " ind2=" "><subfield code="a">mugcro</subfield></datafield><datafield tag="907" ind1=" " ind2=" "><subfield code="a">.b33480539</subfield></datafield><datafield tag="907" ind1=" " ind2=" "><subfield code="a">.b33480539</subfield></datafield><datafield tag="975" ind1=" " ind2=" "><subfield code="a">s</subfield></datafield><datafield tag="999" ind1=" " ind2=" "><subfield code="a">elect</subfield><subfield code="b">0</subfield><subfield code="d">m</subfield><subfield code="e">v</subfield><subfield code="f">s</subfield></datafield></record>