<record><leader>00460nam  2200169 a 4500</leader><controlfield tag="001">99174872440001161</controlfield><controlfield tag="005">20130826151316.0</controlfield><controlfield tag="008">121103</controlfield><datafield tag="100" ind1="1" ind2="2"><subfield code="a">ROGERSON, MARIANNE.</subfield></datafield><datafield tag="245" ind1=" " ind2="0"><subfield code="a">FOSTERING RESILIENCE WITHIN AN ADULT DAY SUPPORT PROGRAM.</subfield></datafield><datafield tag="562" ind1=" " ind2=" "><subfield code="a">mugcro</subfield></datafield><datafield tag="856" ind1="4" ind2="0"><subfield code="u">http://digilib.bu.edu/bucr/archive/files/d5f955d31c3ef1528b9a8fc2d6032730.PDF</subfield></datafield><datafield tag="902" ind1=" " ind2=" "><subfield code="a">mugcro</subfield></datafield><datafield tag="907" ind1=" " ind2=" "><subfield code="a">.b33480655</subfield></datafield><datafield tag="907" ind1=" " ind2=" "><subfield code="a">.b33480655</subfield></datafield><datafield tag="975" ind1=" " ind2=" "><subfield code="a">s</subfield></datafield><datafield tag="999" ind1=" " ind2=" "><subfield code="a">elect</subfield><subfield code="b">0</subfield><subfield code="d">m</subfield><subfield code="e">v</subfield><subfield code="f">s</subfield></datafield></record>