<record><leader>00558nam  2200193 a 4500</leader><controlfield tag="001">99174862030001161</controlfield><controlfield tag="005">20130812232736.0</controlfield><controlfield tag="008">121103</controlfield><datafield tag="035" ind1=" " ind2=" "><subfield code="a">MK1SP127</subfield></datafield><datafield tag="100" ind1="1" ind2="2"><subfield code="a">RANDALL, GLEN E.</subfield></datafield><datafield tag="245" ind1=" " ind2="0"><subfield code="a">DEPROFESSIONALIZATION OR POSTPROFESSIONALIZATION? REFLECTIONS ON THE STATE OF SOCIAL WORK AS A PROFESSION.</subfield></datafield><datafield tag="562" ind1=" " ind2=" "><subfield code="a">mugcro</subfield></datafield><datafield tag="856" ind1="4" ind2="0"><subfield code="u">http://digilib.bu.edu/bucr/archive/files/0860f7723820a6300d901a4681808581.PDF</subfield></datafield><datafield tag="902" ind1="2" ind2=" "><subfield code="a">suppressed</subfield></datafield><datafield tag="902" ind1=" " ind2=" "><subfield code="a">mugcro</subfield></datafield><datafield tag="907" ind1=" " ind2=" "><subfield code="a">.b33484880</subfield></datafield><datafield tag="907" ind1=" " ind2=" "><subfield code="a">.b33484880</subfield></datafield><datafield tag="975" ind1=" " ind2=" "><subfield code="a">s</subfield></datafield><datafield tag="999" ind1=" " ind2=" "><subfield code="a">elect</subfield><subfield code="b">0</subfield><subfield code="d">m</subfield><subfield code="e">v</subfield><subfield code="f">s</subfield></datafield></record>