<record><leader>00491nam  2200169 a 4500</leader><controlfield tag="001">99176430140001161</controlfield><controlfield tag="005">20130813024625.0</controlfield><controlfield tag="008">121103</controlfield><datafield tag="049" ind1=" " ind2=" "><subfield code="a">BOTN</subfield></datafield><datafield tag="090" ind1=" " ind2=" "><subfield code="a">MK1 CP1107</subfield></datafield><datafield tag="100" ind1=" " ind2=" "><subfield code="a">Cross, William E.</subfield></datafield><datafield tag="245" ind1=" " ind2=" "><subfield code="a">BLACK PSYCHOLOGICAL FUNCITONING AND THE LEGACY OF SLAVERY: MYTHS AND REALITIES.</subfield></datafield><datafield tag="856" ind1="4" ind2="0"><subfield code="u">http://digilib.bu.edu/bucr/archive/files/5f4d17f23b53adba211ecf780db4723a.pdf</subfield></datafield><datafield tag="902" ind1="2" ind2=" "><subfield code="a">suppressed</subfield></datafield><datafield tag="907" ind1=" " ind2=" "><subfield code="a">.b39007091</subfield></datafield><datafield tag="907" ind1=" " ind2=" "><subfield code="a">.b39007091</subfield></datafield><datafield tag="999" ind1=" " ind2=" "><subfield code="a">multi</subfield><subfield code="b">0</subfield><subfield code="d">m</subfield><subfield code="e">v</subfield><subfield code="f">s</subfield></datafield></record>