<record><leader>00439nam  2200169 a 4500</leader><controlfield tag="001">99176423460001161</controlfield><controlfield tag="005">20130813010934.0</controlfield><controlfield tag="008">121103</controlfield><datafield tag="049" ind1=" " ind2=" "><subfield code="a">BOTN</subfield></datafield><datafield tag="090" ind1=" " ind2=" "><subfield code="a">MK1 AD137</subfield></datafield><datafield tag="100" ind1=" " ind2=" "><subfield code="a">HARRISON, E.F.</subfield></datafield><datafield tag="245" ind1=" " ind2="0"><subfield code="a">STRATEGIC DECISION PERSPECTIVES</subfield></datafield><datafield tag="856" ind1="4" ind2="0"><subfield code="u">http://digilib.bu.edu/bucr/archive/files/76e63b2162c0f0c13244a4685c9181b9.pdf</subfield></datafield><datafield tag="902" ind1="2" ind2=" "><subfield code="a">suppressed</subfield></datafield><datafield tag="907" ind1=" " ind2=" "><subfield code="a">.b3900661x</subfield></datafield><datafield tag="907" ind1=" " ind2=" "><subfield code="a">.b3900661x</subfield></datafield><datafield tag="999" ind1=" " ind2=" "><subfield code="a">multi</subfield><subfield code="b">0</subfield><subfield code="d">m</subfield><subfield code="e">v</subfield><subfield code="f">s</subfield></datafield></record>