<record><leader>00552nam  2200205 a 4500</leader><controlfield tag="001">99176130600001161</controlfield><controlfield tag="005">20130801034422.0</controlfield><controlfield tag="008">121103</controlfield><datafield tag="035" ind1=" " ind2=" "><subfield code="a">MK1CP826</subfield></datafield><datafield tag="100" ind1="1" ind2="2"><subfield code="a">Kingsley, George.</subfield></datafield><datafield tag="245" ind1=" " ind2="0"><subfield code="a">CONTEMPORARY GROUP TREATMENT OF COMBAT-RELATED POSTTRAUMATIC STRESS DISORDER.</subfield></datafield><datafield tag="260" ind1="1" ind2=" "><subfield code="a">2008.</subfield></datafield><datafield tag="562" ind1=" " ind2=" "><subfield code="a">mugcro</subfield></datafield><datafield tag="856" ind1="4" ind2="0"><subfield code="u">http://digilib.bu.edu/bucr/archive/files/72b71619e231991328882720262a1551.PDF</subfield></datafield><datafield tag="902" ind1="2" ind2=" "><subfield code="a">suppressed</subfield></datafield><datafield tag="902" ind1=" " ind2=" "><subfield code="a">mugcro</subfield></datafield><datafield tag="907" ind1=" " ind2=" "><subfield code="a">.b27946629</subfield></datafield><datafield tag="907" ind1=" " ind2=" "><subfield code="a">.b27946629</subfield></datafield><datafield tag="975" ind1=" " ind2=" "><subfield code="a">s</subfield></datafield><datafield tag="999" ind1=" " ind2=" "><subfield code="a">elect</subfield><subfield code="b">0</subfield><subfield code="d">m</subfield><subfield code="e">a</subfield><subfield code="f">s</subfield></datafield></record>