<record><leader>00610nam  2200205 a 4500</leader><controlfield tag="001">99176119870001161</controlfield><controlfield tag="005">20130731194244.0</controlfield><controlfield tag="008">121103</controlfield><datafield tag="035" ind1=" " ind2=" "><subfield code="a">MK1CP816</subfield></datafield><datafield tag="100" ind1="1" ind2="2"><subfield code="a">MOREY, RAJENDRA A.</subfield></datafield><datafield tag="245" ind1=" " ind2="0"><subfield code="a">NEURAL SYSTEMS FOR EXECUTIVE AND EMOTIONAL PROCESSING ARE MODULATED BY SYMPTOMS OF POSTTRAUMATIC STRESS DISORDER IN IRAQ WAR VETERANS.</subfield></datafield><datafield tag="260" ind1="1" ind2=" "><subfield code="a">2008.</subfield></datafield><datafield tag="562" ind1=" " ind2=" "><subfield code="a">mugcro</subfield></datafield><datafield tag="856" ind1="4" ind2="0"><subfield code="u">http://digilib.bu.edu/bucr/archive/files/f1a95fc3fb1a00ede63e3400b11f3e65.PDF</subfield></datafield><datafield tag="902" ind1="2" ind2=" "><subfield code="a">suppressed</subfield></datafield><datafield tag="902" ind1=" " ind2=" "><subfield code="a">mugcro</subfield></datafield><datafield tag="907" ind1=" " ind2=" "><subfield code="a">.b27946058</subfield></datafield><datafield tag="907" ind1=" " ind2=" "><subfield code="a">.b27946058</subfield></datafield><datafield tag="975" ind1=" " ind2=" "><subfield code="a">s</subfield></datafield><datafield tag="999" ind1=" " ind2=" "><subfield code="a">elect</subfield><subfield code="b">0</subfield><subfield code="d">m</subfield><subfield code="e">a</subfield><subfield code="f">s</subfield></datafield></record>