<record><leader>00433nam  2200169 a 4500</leader><controlfield tag="001">99176421910001161</controlfield><controlfield tag="005">20140814114511.0</controlfield><controlfield tag="008">121103</controlfield><datafield tag="049" ind1=" " ind2=" "><subfield code="a">BOTN</subfield></datafield><datafield tag="090" ind1=" " ind2=" "><subfield code="a">MK1 WP380</subfield></datafield><datafield tag="100" ind1=" " ind2=" "><subfield code="a">LOWENSTEIN, R.</subfield></datafield><datafield tag="245" ind1=" " ind2="4"><subfield code="a">THE IMMIGRATION EQUATION.</subfield></datafield><datafield tag="856" ind1="4" ind2="0"><subfield code="u">http://digilib.bu.edu/bucr/archive/files/b27657b8055caec0da7e02d31b427761.pdf</subfield></datafield><datafield tag="902" ind1="2" ind2=" "><subfield code="a">suppressed</subfield></datafield><datafield tag="907" ind1=" " ind2=" "><subfield code="a">.b39007212</subfield></datafield><datafield tag="907" ind1=" " ind2=" "><subfield code="a">.b39007212</subfield></datafield><datafield tag="999" ind1=" " ind2=" "><subfield code="a">multi</subfield><subfield code="b">0</subfield><subfield code="d">m</subfield><subfield code="e">v</subfield><subfield code="f">s</subfield></datafield></record>