<record><leader>00553nam  2200193 a 4500</leader><controlfield tag="001">99176132450001161</controlfield><controlfield tag="005">20130812223057.0</controlfield><controlfield tag="008">121103</controlfield><datafield tag="035" ind1=" " ind2=" "><subfield code="a">MK1324</subfield></datafield><datafield tag="100" ind1="1" ind2="2"><subfield code="a">Greene, Beverly.</subfield></datafield><datafield tag="245" ind1=" " ind2="0"><subfield code="a">STURDY BRIDGES: THE ROLE OF AFRICAN-AMERICAN MOTHERS IN THE SOCIALIZATION OF AFRICAN-AMERICAN CHILDREN.</subfield></datafield><datafield tag="562" ind1=" " ind2=" "><subfield code="a">mugcro</subfield></datafield><datafield tag="856" ind1="4" ind2="0"><subfield code="u">http://digilib.bu.edu/bucr/archive/files/cc78c28afea9f37d1b94c94870cf21c5.PDF</subfield></datafield><datafield tag="902" ind1="2" ind2=" "><subfield code="a">suppressed</subfield></datafield><datafield tag="902" ind1=" " ind2=" "><subfield code="a">mugcro</subfield></datafield><datafield tag="907" ind1=" " ind2=" "><subfield code="a">.b25556770</subfield></datafield><datafield tag="907" ind1=" " ind2=" "><subfield code="a">.b25556770</subfield></datafield><datafield tag="975" ind1=" " ind2=" "><subfield code="a">s</subfield></datafield><datafield tag="999" ind1=" " ind2=" "><subfield code="a">elect</subfield><subfield code="b">0</subfield><subfield code="d">m</subfield><subfield code="e">v</subfield><subfield code="f">s</subfield></datafield></record>