<record><leader>00429nam  2200169 a 4500</leader><controlfield tag="001">99176447640001161</controlfield><controlfield tag="005">20130812232445.0</controlfield><controlfield tag="008">121103</controlfield><datafield tag="049" ind1=" " ind2=" "><subfield code="a">BOTN</subfield></datafield><datafield tag="090" ind1=" " ind2=" "><subfield code="a">MK1 AD136</subfield></datafield><datafield tag="100" ind1=" " ind2=" "><subfield code="a">ROBBINS, S.</subfield></datafield><datafield tag="245" ind1=" " ind2="0"><subfield code="a">CONFLICT AND NEGOTIATION</subfield></datafield><datafield tag="856" ind1="4" ind2="0"><subfield code="u">http://digilib.bu.edu/bucr/archive/files/a1983400d505633c02ac65c4c986acba.pdf</subfield></datafield><datafield tag="902" ind1="2" ind2=" "><subfield code="a">suppressed</subfield></datafield><datafield tag="907" ind1=" " ind2=" "><subfield code="a">.b39006608</subfield></datafield><datafield tag="907" ind1=" " ind2=" "><subfield code="a">.b39006608</subfield></datafield><datafield tag="999" ind1=" " ind2=" "><subfield code="a">multi</subfield><subfield code="b">0</subfield><subfield code="d">m</subfield><subfield code="e">v</subfield><subfield code="f">s</subfield></datafield></record>