<record><leader>00534nam  2200205 a 4500</leader><controlfield tag="001">99176754780001161</controlfield><controlfield tag="005">20130731150849.0</controlfield><controlfield tag="008">121103</controlfield><datafield tag="035" ind1=" " ind2=" "><subfield code="a">MK1379</subfield></datafield><datafield tag="100" ind1="1" ind2="2"><subfield code="a">DUFFY, TRUDY K.</subfield></datafield><datafield tag="245" ind1=" " ind2="0"><subfield code="a">CHECK-IN AND OTHER GO-ROUNDS IN GROUP WORK: GUIDELINES FOR USE.</subfield></datafield><datafield tag="260" ind1="1" ind2=" "><subfield code="a">2005.</subfield></datafield><datafield tag="562" ind1=" " ind2=" "><subfield code="a">mugcro</subfield></datafield><datafield tag="856" ind1="4" ind2="0"><subfield code="u">http://digilib.bu.edu/bucr/archive/files/c78e9a10e8f156752f85469e943c5218.PDF</subfield></datafield><datafield tag="902" ind1="2" ind2=" "><subfield code="a">suppressed</subfield></datafield><datafield tag="902" ind1=" " ind2=" "><subfield code="a">mugcro</subfield></datafield><datafield tag="907" ind1=" " ind2=" "><subfield code="a">.b25976035</subfield></datafield><datafield tag="907" ind1=" " ind2=" "><subfield code="a">.b25976035</subfield></datafield><datafield tag="975" ind1=" " ind2=" "><subfield code="a">s</subfield></datafield><datafield tag="999" ind1=" " ind2=" "><subfield code="a">elect</subfield><subfield code="b">0</subfield><subfield code="d">m</subfield><subfield code="e">v</subfield><subfield code="f">s</subfield></datafield></record>