<record><leader>00532nam  2200193 a 4500</leader><controlfield tag="001">99176665250001161</controlfield><controlfield tag="005">20130731163709.0</controlfield><controlfield tag="008">121103</controlfield><datafield tag="035" ind1=" " ind2=" "><subfield code="a">MK1CP129</subfield></datafield><datafield tag="100" ind1="1" ind2="2"><subfield code="a">BERMAN-ROSSI, TOBY.</subfield></datafield><datafield tag="245" ind1=" " ind2="4"><subfield code="a">THE TASKS AND SKILLS OF THE SOCIAL WORKER ACROSS STAGES OF GROUP DEVELOPMENT.</subfield></datafield><datafield tag="562" ind1=" " ind2=" "><subfield code="a">mugcro</subfield></datafield><datafield tag="856" ind1="4" ind2="0"><subfield code="u">http://digilib.bu.edu/bucr/archive/files/69bc4bcc1d1f4ac8f142dd145b45be54.PDF</subfield></datafield><datafield tag="902" ind1="2" ind2=" "><subfield code="a">suppressed</subfield></datafield><datafield tag="902" ind1=" " ind2=" "><subfield code="a">mugcro</subfield></datafield><datafield tag="907" ind1=" " ind2=" "><subfield code="a">.b2288872x</subfield></datafield><datafield tag="907" ind1=" " ind2=" "><subfield code="a">.b2288872x</subfield></datafield><datafield tag="975" ind1=" " ind2=" "><subfield code="a">s</subfield></datafield><datafield tag="999" ind1=" " ind2=" "><subfield code="a">elect</subfield><subfield code="b">1</subfield><subfield code="d">m</subfield><subfield code="e">v</subfield><subfield code="f">s</subfield></datafield></record>