<record><leader>00444nam  2200181 a 4500</leader><controlfield tag="001">99176840340001161</controlfield><controlfield tag="005">20150312150034.0</controlfield><controlfield tag="008">121103</controlfield><datafield tag="100" ind1="1" ind2="2"><subfield code="a">MALEKOFF, ANDREW.</subfield></datafield><datafield tag="245" ind1=" " ind2="4"><subfield code="a">THE LONGEST DAY.</subfield></datafield><datafield tag="562" ind1=" " ind2=" "><subfield code="a">mugcro</subfield></datafield><datafield tag="856" ind1="4" ind2="0"><subfield code="u">http://digilib.bu.edu/bucr/archive/files/21b691a1404db17a56b6c91677cba6fb.PDF</subfield></datafield><datafield tag="902" ind1="2" ind2=" "><subfield code="a">suppressed</subfield></datafield><datafield tag="902" ind1=" " ind2=" "><subfield code="a">mugcro</subfield></datafield><datafield tag="907" ind1=" " ind2=" "><subfield code="a">.b2445333x</subfield></datafield><datafield tag="907" ind1=" " ind2=" "><subfield code="a">.b2445333x</subfield></datafield><datafield tag="975" ind1=" " ind2=" "><subfield code="a">s</subfield></datafield><datafield tag="999" ind1=" " ind2=" "><subfield code="a">elect</subfield><subfield code="b">1</subfield><subfield code="d">m</subfield><subfield code="e">a</subfield><subfield code="f">s</subfield></datafield></record>