<record><leader>00530nam  2200193 a 4500</leader><controlfield tag="001">99176857420001161</controlfield><controlfield tag="005">20150312132513.0</controlfield><controlfield tag="008">121103</controlfield><datafield tag="035" ind1=" " ind2=" "><subfield code="a">MK1CP401</subfield></datafield><datafield tag="100" ind1="1" ind2="2"><subfield code="a">MISHNA, FAYE.</subfield></datafield><datafield tag="245" ind1=" " ind2="0"><subfield code="a">FOOD FOR THOUGHT: THE USE OF FOOD IN GROUP THERAPY WITH CHILDREN AND ADOLESCENTS.</subfield></datafield><datafield tag="562" ind1=" " ind2=" "><subfield code="a">mugcro</subfield></datafield><datafield tag="856" ind1="4" ind2="0"><subfield code="u">http://digilib.bu.edu/bucr/archive/files/9baf289473f2c9ab8716180f7f414c8c.PDF</subfield></datafield><datafield tag="902" ind1="2" ind2=" "><subfield code="a">suppressed</subfield></datafield><datafield tag="902" ind1=" " ind2=" "><subfield code="a">mugcro</subfield></datafield><datafield tag="907" ind1=" " ind2=" "><subfield code="a">.b24453365</subfield></datafield><datafield tag="907" ind1=" " ind2=" "><subfield code="a">.b24453365</subfield></datafield><datafield tag="975" ind1=" " ind2=" "><subfield code="a">s</subfield></datafield><datafield tag="999" ind1=" " ind2=" "><subfield code="a">elect</subfield><subfield code="b">1</subfield><subfield code="d">m</subfield><subfield code="e">a</subfield><subfield code="f">s</subfield></datafield></record>