<record><leader>00575nam  2200217 a 4500</leader><controlfield tag="001">99176840830001161</controlfield><controlfield tag="005">20130801034630.0</controlfield><controlfield tag="008">121103</controlfield><datafield tag="035" ind1=" " ind2=" "><subfield code="a">MK1CP410</subfield></datafield><datafield tag="100" ind1="1" ind2="2"><subfield code="a">KRAUS, KURT L.</subfield></datafield><datafield tag="100" ind1="1" ind2="2"><subfield code="a">DE ESCH, JESSE B.</subfield></datafield><datafield tag="100" ind1="1" ind2="2"><subfield code="a">GEROSKI, ANNE M.</subfield></datafield><datafield tag="245" ind1=" " ind2="0"><subfield code="a">STOP AVOIDING CHALLENGING SITUATIONS IN GROUP COUNSELLING.</subfield></datafield><datafield tag="562" ind1=" " ind2=" "><subfield code="a">mugcro</subfield></datafield><datafield tag="856" ind1="4" ind2="0"><subfield code="u">http://digilib.bu.edu/bucr/archive/files/54265ec33e3e2d57a48bbc0437e201ff.PDF</subfield></datafield><datafield tag="902" ind1="2" ind2=" "><subfield code="a">suppressed</subfield></datafield><datafield tag="902" ind1=" " ind2=" "><subfield code="a">mugcro</subfield></datafield><datafield tag="907" ind1=" " ind2=" "><subfield code="a">.b24453390</subfield></datafield><datafield tag="907" ind1=" " ind2=" "><subfield code="a">.b24453390</subfield></datafield><datafield tag="975" ind1=" " ind2=" "><subfield code="a">s</subfield></datafield><datafield tag="999" ind1=" " ind2=" "><subfield code="a">elect</subfield><subfield code="b">1</subfield><subfield code="d">m</subfield><subfield code="e">a</subfield><subfield code="f">s</subfield></datafield></record>