<record><leader>00612nam  2200205 a 4500</leader><controlfield tag="001">99176848600001161</controlfield><controlfield tag="005">20150313152004.0</controlfield><controlfield tag="008">121103</controlfield><datafield tag="035" ind1=" " ind2=" "><subfield code="a">MK1CP381</subfield></datafield><datafield tag="100" ind1="1" ind2="2"><subfield code="a">PACK-BROWN, SHERLON P.</subfield></datafield><datafield tag="245" ind1=" " ind2="0"><subfield code="a">TEAM BROTHERS: AN AFRICENTRIC APPROACH TO GROUP WORK WITH AFRICAN AMERICAN MALE ADOLESCENTS.</subfield></datafield><datafield tag="562" ind1=" " ind2=" "><subfield code="a">mugcro</subfield></datafield><datafield tag="700" ind1="1" ind2="2"><subfield code="a">FRANKLIN, ROBERT B (ROBERT BEALL), 1911-1983.</subfield></datafield><datafield tag="856" ind1="4" ind2="0"><subfield code="u">http://digilib.bu.edu/bucr/archive/files/2b78c3d26c4e3af2f7f3b7dfe510db3d.PDF</subfield></datafield><datafield tag="902" ind1="2" ind2=" "><subfield code="a">suppressed</subfield></datafield><datafield tag="902" ind1=" " ind2=" "><subfield code="a">mugcro</subfield></datafield><datafield tag="907" ind1=" " ind2=" "><subfield code="a">.b24453389</subfield></datafield><datafield tag="907" ind1=" " ind2=" "><subfield code="a">.b24453389</subfield></datafield><datafield tag="975" ind1=" " ind2=" "><subfield code="a">s</subfield></datafield><datafield tag="999" ind1=" " ind2=" "><subfield code="a">elect</subfield><subfield code="b">1</subfield><subfield code="d">m</subfield><subfield code="e">a</subfield><subfield code="f">s</subfield></datafield></record>