<record><leader>00527nam  2200181 a 4500</leader><controlfield tag="001">99177608320001161</controlfield><controlfield tag="005">20150318141041.0</controlfield><controlfield tag="008">121103</controlfield><datafield tag="100" ind1="1" ind2="2"><subfield code="a">NELSON, RHONDA L.</subfield></datafield><datafield tag="245" ind1=" " ind2="0"><subfield code="a">APPLYING A FAMILY-ECOSYSTEMIC MODEL TO REUNITE A FAMILY SEPARATED DUE TO CHILD ABUSE: A CASE STUDY.</subfield></datafield><datafield tag="562" ind1=" " ind2=" "><subfield code="a">mugcro</subfield></datafield><datafield tag="856" ind1="4" ind2="0"><subfield code="u">http://digilib.bu.edu/bucr/archive/files/f83c2c21abaa67126c218bb953517b8c.PDF</subfield></datafield><datafield tag="902" ind1="2" ind2=" "><subfield code="a">suppressed</subfield></datafield><datafield tag="902" ind1=" " ind2=" "><subfield code="a">mugcro</subfield></datafield><datafield tag="907" ind1=" " ind2=" "><subfield code="a">.b23985860</subfield></datafield><datafield tag="907" ind1=" " ind2=" "><subfield code="a">.b23985860</subfield></datafield><datafield tag="975" ind1=" " ind2=" "><subfield code="a">s</subfield></datafield><datafield tag="999" ind1=" " ind2=" "><subfield code="a">elect</subfield><subfield code="b">1</subfield><subfield code="d">m</subfield><subfield code="e">a</subfield><subfield code="f">s</subfield></datafield></record>