<record><leader>00526nam  2200193 a 4500</leader><controlfield tag="001">99176853550001161</controlfield><controlfield tag="005">20150312132625.0</controlfield><controlfield tag="008">121103</controlfield><datafield tag="035" ind1=" " ind2=" "><subfield code="a">MK1CP409</subfield></datafield><datafield tag="100" ind1="1" ind2="2"><subfield code="a">VACHA-HAASE, TAMMI.</subfield></datafield><datafield tag="245" ind1=" " ind2="0"><subfield code="a">GRANDPARENTS RAISING GRANDCHILDREN: A PSYCHOEDUCATIONAL GROUP APPROACH.</subfield></datafield><datafield tag="562" ind1=" " ind2=" "><subfield code="a">mugcro</subfield></datafield><datafield tag="856" ind1="4" ind2="0"><subfield code="u">http://digilib.bu.edu/bucr/archive/files/ec6d3ee99ea52e7650f177477ce73b30.PDF</subfield></datafield><datafield tag="902" ind1="2" ind2=" "><subfield code="a">suppressed</subfield></datafield><datafield tag="902" ind1=" " ind2=" "><subfield code="a">mugcro</subfield></datafield><datafield tag="907" ind1=" " ind2=" "><subfield code="a">.b24453377</subfield></datafield><datafield tag="907" ind1=" " ind2=" "><subfield code="a">.b24453377</subfield></datafield><datafield tag="975" ind1=" " ind2=" "><subfield code="a">s</subfield></datafield><datafield tag="999" ind1=" " ind2=" "><subfield code="a">elect</subfield><subfield code="b">1</subfield><subfield code="d">m</subfield><subfield code="e">a</subfield><subfield code="f">s</subfield></datafield></record>