<record><leader>00594nam  2200193 a 4500</leader><controlfield tag="001">99176904100001161</controlfield><controlfield tag="005">20141216150331.0</controlfield><controlfield tag="008">121103</controlfield><datafield tag="035" ind1=" " ind2=" "><subfield code="a">MK1HB385</subfield></datafield><datafield tag="100" ind1="1" ind2="2"><subfield code="a">ZANARINI, MARY C, 1946-</subfield></datafield><datafield tag="245" ind1=" " ind2="0"><subfield code="a">LONGITUDINAL COURSE OF BORDERLINE PSYCHOPATHOLOGY: 6-YEAR PROSPECTIVE FOLLOW-UP OF THE PHENOMENOLOGY OF BORDERLINE PERSONALITY DISORDER</subfield></datafield><datafield tag="562" ind1=" " ind2=" "><subfield code="a">mugcro</subfield></datafield><datafield tag="856" ind1="4" ind2="0"><subfield code="u">http://digilib.bu.edu/bucr/archive/files/ccb0021d1683405e2ee1270032be3aa5.PDF</subfield></datafield><datafield tag="902" ind1="2" ind2=" "><subfield code="a">suppressed</subfield></datafield><datafield tag="902" ind1=" " ind2=" "><subfield code="a">mugcro</subfield></datafield><datafield tag="907" ind1=" " ind2=" "><subfield code="a">.b27547814</subfield></datafield><datafield tag="907" ind1=" " ind2=" "><subfield code="a">.b27547814</subfield></datafield><datafield tag="975" ind1=" " ind2=" "><subfield code="a">s</subfield></datafield><datafield tag="999" ind1=" " ind2=" "><subfield code="a">elect</subfield><subfield code="b">0</subfield><subfield code="d">m</subfield><subfield code="e">v</subfield><subfield code="f">s</subfield></datafield></record>