<record><leader>00578nam  2200205 a 4500</leader><controlfield tag="001">99177639680001161</controlfield><controlfield tag="005">20130813030423.0</controlfield><controlfield tag="008">121103</controlfield><datafield tag="035" ind1=" " ind2=" "><subfield code="a">MK1358</subfield></datafield><datafield tag="100" ind1="1" ind2="2"><subfield code="a">Davis, Larry E.</subfield></datafield><datafield tag="245" ind1=" " ind2="0"><subfield code="a">DIFFERENTIAL EFFECTS OF RACIAL COMPOSITION ON MALE AND FEMALE GROUPS: IMPLICATIONS FOR GROUP WORK PRACTICE.</subfield></datafield><datafield tag="260" ind1="1" ind2=" "><subfield code="a">2001.</subfield></datafield><datafield tag="562" ind1=" " ind2=" "><subfield code="a">mugcro</subfield></datafield><datafield tag="856" ind1="4" ind2="0"><subfield code="u">http://digilib.bu.edu/bucr/archive/files/94bdf05f1f53f5ab9536964fc5c45944.PDF</subfield></datafield><datafield tag="902" ind1="2" ind2=" "><subfield code="a">suppressed</subfield></datafield><datafield tag="902" ind1=" " ind2=" "><subfield code="a">mugcro</subfield></datafield><datafield tag="907" ind1=" " ind2=" "><subfield code="a">.b23985896</subfield></datafield><datafield tag="907" ind1=" " ind2=" "><subfield code="a">.b23985896</subfield></datafield><datafield tag="975" ind1=" " ind2=" "><subfield code="a">s</subfield></datafield><datafield tag="999" ind1=" " ind2=" "><subfield code="a">elect</subfield><subfield code="b">1</subfield><subfield code="d">m</subfield><subfield code="e">v</subfield><subfield code="f">s</subfield></datafield></record>