<record><leader>00592nam  2200205 a 4500</leader><controlfield tag="001">99176939790001161</controlfield><controlfield tag="005">20141216122732.0</controlfield><controlfield tag="008">121103</controlfield><datafield tag="035" ind1=" " ind2=" "><subfield code="a">MK1HB381</subfield></datafield><datafield tag="100" ind1="1" ind2="2"><subfield code="a">DIAZ, RAFAEL M.</subfield></datafield><datafield tag="245" ind1=" " ind2="0"><subfield code="a">IMPACT OF HOMOPHOBIA, POVERTY, AND RACISM ON THE MENTAL HEALTH OF GAY AND BISEXUAL LATINO MEN: FINDINGS FROM 3 US CITIES</subfield></datafield><datafield tag="260" ind1="1" ind2=" "><subfield code="a">2001</subfield></datafield><datafield tag="562" ind1=" " ind2=" "><subfield code="a">mugcro</subfield></datafield><datafield tag="856" ind1="4" ind2="0"><subfield code="u">http://digilib.bu.edu/bucr/archive/files/030b23f57ca2e0ca4a2e356ddfb00ef1.PDF</subfield></datafield><datafield tag="902" ind1="2" ind2=" "><subfield code="a">suppressed</subfield></datafield><datafield tag="902" ind1=" " ind2=" "><subfield code="a">mugcro</subfield></datafield><datafield tag="907" ind1=" " ind2=" "><subfield code="a">.b27547772</subfield></datafield><datafield tag="907" ind1=" " ind2=" "><subfield code="a">.b27547772</subfield></datafield><datafield tag="975" ind1=" " ind2=" "><subfield code="a">s</subfield></datafield><datafield tag="999" ind1=" " ind2=" "><subfield code="a">elect</subfield><subfield code="b">0</subfield><subfield code="d">m</subfield><subfield code="e">v</subfield><subfield code="f">s</subfield></datafield></record>