<record><leader>00572nam  2200217 a 4500</leader><controlfield tag="001">99177961190001161</controlfield><controlfield tag="005">20130813014156.0</controlfield><controlfield tag="008">121103</controlfield><datafield tag="035" ind1=" " ind2=" "><subfield code="a">MK1HB376</subfield></datafield><datafield tag="100" ind1="1" ind2="2"><subfield code="a">Miller, Joshua</subfield><subfield code="q">(Joshua L.)</subfield></datafield><datafield tag="100" ind1="1" ind2="2"><subfield code="a">GARRAN, ANN MARIE.</subfield></datafield><datafield tag="245" ind1=" " ind2="0"><subfield code="a">BACKGROUND: SOCIAL IDENTITY AND SITUATING OURSELVES.</subfield></datafield><datafield tag="260" ind1="1" ind2=" "><subfield code="a">2007.</subfield></datafield><datafield tag="562" ind1=" " ind2=" "><subfield code="a">mugcro</subfield></datafield><datafield tag="856" ind1="4" ind2="0"><subfield code="u">http://digilib.bu.edu/bucr/archive/files/d59d5d9b5624dc834560433c25540f43.PDF</subfield></datafield><datafield tag="902" ind1="2" ind2=" "><subfield code="a">suppressed</subfield></datafield><datafield tag="902" ind1=" " ind2=" "><subfield code="a">mugcro</subfield></datafield><datafield tag="907" ind1=" " ind2=" "><subfield code="a">.b27418509</subfield></datafield><datafield tag="907" ind1=" " ind2=" "><subfield code="a">.b27418509</subfield></datafield><datafield tag="975" ind1=" " ind2=" "><subfield code="a">s</subfield></datafield><datafield tag="999" ind1=" " ind2=" "><subfield code="a">elect</subfield><subfield code="b">0</subfield><subfield code="d">m</subfield><subfield code="e">v</subfield><subfield code="f">s</subfield></datafield></record>