<record><leader>00534nam  2200205 a 4500</leader><controlfield tag="001">99177632490001161</controlfield><controlfield tag="005">20130813031032.0</controlfield><controlfield tag="008">121103</controlfield><datafield tag="035" ind1=" " ind2=" "><subfield code="a">MK1205</subfield></datafield><datafield tag="100" ind1="1" ind2="2"><subfield code="a">KLIMAN, JODIE.</subfield></datafield><datafield tag="245" ind1=" " ind2="0"><subfield code="a">SOCIAL CLASS AS A RELATIONSHIP: IMPLICATIONS FOR FAMILY THERAPY.</subfield></datafield><datafield tag="260" ind1="1" ind2=" "><subfield code="a">2001.</subfield></datafield><datafield tag="562" ind1=" " ind2=" "><subfield code="a">mugcro</subfield></datafield><datafield tag="856" ind1="4" ind2="0"><subfield code="u">http://digilib.bu.edu/bucr/archive/files/6a4afbfdd1cb1c51496f59c9bb5df6e3.PDF</subfield></datafield><datafield tag="902" ind1="2" ind2=" "><subfield code="a">suppressed</subfield></datafield><datafield tag="902" ind1=" " ind2=" "><subfield code="a">mugcro</subfield></datafield><datafield tag="907" ind1=" " ind2=" "><subfield code="a">.b23985847</subfield></datafield><datafield tag="907" ind1=" " ind2=" "><subfield code="a">.b23985847</subfield></datafield><datafield tag="975" ind1=" " ind2=" "><subfield code="a">s</subfield></datafield><datafield tag="999" ind1=" " ind2=" "><subfield code="a">elect</subfield><subfield code="b">1</subfield><subfield code="d">m</subfield><subfield code="e">v</subfield><subfield code="f">s</subfield></datafield></record>