<record><leader>00561nam  2200205 a 4500</leader><controlfield tag="001">99176837940001161</controlfield><controlfield tag="005">20130813034050.0</controlfield><controlfield tag="008">121103</controlfield><datafield tag="035" ind1=" " ind2=" "><subfield code="a">MK1HB995</subfield></datafield><datafield tag="049" ind1=" " ind2=" "><subfield code="a">BOTN</subfield></datafield><datafield tag="100" ind1="1" ind2="2"><subfield code="a">LATZER, YAEL.</subfield></datafield><datafield tag="245" ind1=" " ind2="0"><subfield code="a">MARITAL AND PARENT-CHILD RELATIONSHIPS IN FAMILES WITH DAUGHTERS WHO HAVE EATING DISORDERS.</subfield></datafield><datafield tag="562" ind1=" " ind2=" "><subfield code="a">mugcro</subfield></datafield><datafield tag="856" ind1="4" ind2="0"><subfield code="u">http://digilib.bu.edu/bucr/archive/files/41398a2b79c0310e3753c952478a6b1e.PDF</subfield></datafield><datafield tag="902" ind1="2" ind2=" "><subfield code="a">suppressed</subfield></datafield><datafield tag="902" ind1=" " ind2=" "><subfield code="a">mugcro</subfield></datafield><datafield tag="907" ind1=" " ind2=" "><subfield code="a">.b36984826</subfield></datafield><datafield tag="907" ind1=" " ind2=" "><subfield code="a">.b36984826</subfield></datafield><datafield tag="975" ind1=" " ind2=" "><subfield code="a">s</subfield></datafield><datafield tag="999" ind1=" " ind2=" "><subfield code="a">elect</subfield><subfield code="b">0</subfield><subfield code="d">m</subfield><subfield code="e">v</subfield><subfield code="f">s</subfield></datafield></record>