<record><leader>00556nam  2200205 a 4500</leader><controlfield tag="001">99177602740001161</controlfield><controlfield tag="005">20130812222143.0</controlfield><controlfield tag="008">121103</controlfield><datafield tag="035" ind1=" " ind2=" "><subfield code="a">MK1215</subfield></datafield><datafield tag="100" ind1="1" ind2="2"><subfield code="a">MARSIGLIA, FLAVIO FRANCISCO.</subfield></datafield><datafield tag="245" ind1=" " ind2="0"><subfield code="a">CULTURALLY GROUNDED GROUP WORK WITH ADOLESCENT AMERICAN INDIAN STUDENTS.</subfield></datafield><datafield tag="260" ind1="1" ind2=" "><subfield code="a">2001.</subfield></datafield><datafield tag="562" ind1=" " ind2=" "><subfield code="a">mugcro</subfield></datafield><datafield tag="856" ind1="4" ind2="0"><subfield code="u">http://digilib.bu.edu/bucr/archive/files/dbe64f012f594aa3667c5e6e9b082fb6.PDF</subfield></datafield><datafield tag="902" ind1="2" ind2=" "><subfield code="a">suppressed</subfield></datafield><datafield tag="902" ind1=" " ind2=" "><subfield code="a">mugcro</subfield></datafield><datafield tag="907" ind1=" " ind2=" "><subfield code="a">.b23985902</subfield></datafield><datafield tag="907" ind1=" " ind2=" "><subfield code="a">.b23985902</subfield></datafield><datafield tag="975" ind1=" " ind2=" "><subfield code="a">s</subfield></datafield><datafield tag="999" ind1=" " ind2=" "><subfield code="a">elect</subfield><subfield code="b">1</subfield><subfield code="d">m</subfield><subfield code="e">v</subfield><subfield code="f">s</subfield></datafield></record>