<record><leader>00493nam  2200193 a 4500</leader><controlfield tag="001">99176878620001161</controlfield><controlfield tag="005">20130813020834.0</controlfield><controlfield tag="008">121103</controlfield><datafield tag="035" ind1=" " ind2=" "><subfield code="a">MK1CP301</subfield></datafield><datafield tag="100" ind1="1" ind2="2"><subfield code="a">DENTON, WAYNE.</subfield></datafield><datafield tag="245" ind1=" " ind2="2"><subfield code="a">A FAMILY SYSTEMS ANALYSIS OF THE DSM-111-R.</subfield></datafield><datafield tag="562" ind1=" " ind2=" "><subfield code="a">mugcro</subfield></datafield><datafield tag="856" ind1="4" ind2="0"><subfield code="u">http://digilib.bu.edu/bucr/archive/files/6403c908ec77e972d3a8325e38fe9e7d.PDF</subfield></datafield><datafield tag="902" ind1="2" ind2=" "><subfield code="a">suppressed</subfield></datafield><datafield tag="902" ind1=" " ind2=" "><subfield code="a">mugcro</subfield></datafield><datafield tag="907" ind1=" " ind2=" "><subfield code="a">.b24449192</subfield></datafield><datafield tag="907" ind1=" " ind2=" "><subfield code="a">.b24449192</subfield></datafield><datafield tag="975" ind1=" " ind2=" "><subfield code="a">s</subfield></datafield><datafield tag="999" ind1=" " ind2=" "><subfield code="a">elect</subfield><subfield code="b">1</subfield><subfield code="d">m</subfield><subfield code="e">v</subfield><subfield code="f">s</subfield></datafield></record>