<record><leader>00536nam  2200205 a 4500</leader><controlfield tag="001">99176831020001161</controlfield><controlfield tag="005">20150311141059.0</controlfield><controlfield tag="008">121103</controlfield><datafield tag="035" ind1=" " ind2=" "><subfield code="a">MK1IR345</subfield></datafield><datafield tag="049" ind1=" " ind2=" "><subfield code="a">BOTN</subfield></datafield><datafield tag="100" ind1="1" ind2="2"><subfield code="a">PUTNAM, ROBERT D.</subfield></datafield><datafield tag="245" ind1=" " ind2="0"><subfield code="a">DIPLOMACY AND DOMESTIC POLITICS: THE LOGIC OF TWO-LEVEL GAMES.</subfield></datafield><datafield tag="562" ind1=" " ind2=" "><subfield code="a">mugcro</subfield></datafield><datafield tag="856" ind1="4" ind2="0"><subfield code="u">http://digilib.bu.edu/bucr/archive/files/f100e66e2d3113d88712b546b002a5b2.PDF</subfield></datafield><datafield tag="902" ind1="2" ind2=" "><subfield code="a">suppressed</subfield></datafield><datafield tag="902" ind1=" " ind2=" "><subfield code="a">mugcro</subfield></datafield><datafield tag="907" ind1=" " ind2=" "><subfield code="a">.b36982519</subfield></datafield><datafield tag="907" ind1=" " ind2=" "><subfield code="a">.b36982519</subfield></datafield><datafield tag="975" ind1=" " ind2=" "><subfield code="a">s</subfield></datafield><datafield tag="999" ind1=" " ind2=" "><subfield code="a">elect</subfield><subfield code="b">0</subfield><subfield code="d">m</subfield><subfield code="e">v</subfield><subfield code="f">s</subfield></datafield></record>