<record><leader>00563nam  2200205 a 4500</leader><controlfield tag="001">99178026730001161</controlfield><controlfield tag="005">20141216120652.0</controlfield><controlfield tag="008">121103</controlfield><datafield tag="035" ind1=" " ind2=" "><subfield code="a">MK1HB918</subfield></datafield><datafield tag="049" ind1=" " ind2=" "><subfield code="a">BOTN</subfield></datafield><datafield tag="100" ind1="1" ind2="2"><subfield code="a">INSEL, KATHLEEN C.</subfield></datafield><datafield tag="245" ind1=" " ind2="0"><subfield code="a">DECIPHERING THE 4 D'S: COGNITIVE DECLINE, DELIRIUM, DEPRESSION, AND DEMENTIA -- A REVIEW</subfield></datafield><datafield tag="562" ind1=" " ind2=" "><subfield code="a">mugcro</subfield></datafield><datafield tag="856" ind1="4" ind2="0"><subfield code="u">http://digilib.bu.edu/bucr/archive/files/311a9890b474f9e516d2711c1da702c2.PDF</subfield></datafield><datafield tag="902" ind1="2" ind2=" "><subfield code="a">suppressed</subfield></datafield><datafield tag="902" ind1=" " ind2=" "><subfield code="a">mugcro</subfield></datafield><datafield tag="907" ind1=" " ind2=" "><subfield code="a">.b36427019</subfield></datafield><datafield tag="907" ind1=" " ind2=" "><subfield code="a">.b36427019</subfield></datafield><datafield tag="975" ind1=" " ind2=" "><subfield code="a">s</subfield></datafield><datafield tag="999" ind1=" " ind2=" "><subfield code="a">elect</subfield><subfield code="b">0</subfield><subfield code="d">m</subfield><subfield code="e">v</subfield><subfield code="f">s</subfield></datafield></record>