<record><leader>00540nam  2200193 a 4500</leader><controlfield tag="001">99177627350001161</controlfield><controlfield tag="005">20130812230029.0</controlfield><controlfield tag="008">121103</controlfield><datafield tag="035" ind1=" " ind2=" "><subfield code="a">MK1211</subfield></datafield><datafield tag="100" ind1="1" ind2="2"><subfield code="a">LASZLOFFY, TRACEY ANN, 1968-</subfield></datafield><datafield tag="245" ind1=" " ind2="0"><subfield code="a">UNCOMMON STRATEGIES FOR A COMMON PROBLEM: ADDRESSING RACISM IN FAMILY THERAPY.</subfield></datafield><datafield tag="562" ind1=" " ind2=" "><subfield code="a">mugcro</subfield></datafield><datafield tag="856" ind1="4" ind2="0"><subfield code="u">http://digilib.bu.edu/bucr/archive/files/a75483fc0c79a4f1f3df0b0e07c4390b.PDF</subfield></datafield><datafield tag="902" ind1="2" ind2=" "><subfield code="a">suppressed</subfield></datafield><datafield tag="902" ind1=" " ind2=" "><subfield code="a">mugcro</subfield></datafield><datafield tag="907" ind1=" " ind2=" "><subfield code="a">.b23985872</subfield></datafield><datafield tag="907" ind1=" " ind2=" "><subfield code="a">.b23985872</subfield></datafield><datafield tag="975" ind1=" " ind2=" "><subfield code="a">s</subfield></datafield><datafield tag="999" ind1=" " ind2=" "><subfield code="a">elect</subfield><subfield code="b">1</subfield><subfield code="d">m</subfield><subfield code="e">v</subfield><subfield code="f">s</subfield></datafield></record>