<record><leader>00562nam  2200205 a 4500</leader><controlfield tag="001">99177604810001161</controlfield><controlfield tag="005">20130812214829.0</controlfield><controlfield tag="008">121103</controlfield><datafield tag="035" ind1=" " ind2=" "><subfield code="a">MK1216</subfield></datafield><datafield tag="100" ind1="1" ind2="2"><subfield code="a">PAULINO, ANA MARIA.</subfield></datafield><datafield tag="245" ind1=" " ind2="0"><subfield code="a">DOMINICAN IMMIGRANT ELDERS: SOCIAL SERVICE NEEDS, UTILIZATION PATTERNS, AND CHALLENGES.</subfield></datafield><datafield tag="260" ind1="1" ind2=" "><subfield code="a">2001.</subfield></datafield><datafield tag="562" ind1=" " ind2=" "><subfield code="a">mugcro</subfield></datafield><datafield tag="856" ind1="4" ind2="0"><subfield code="u">http://digilib.bu.edu/bucr/archive/files/5b6c8279b537fcb147775f07f1900c04.PDF</subfield></datafield><datafield tag="902" ind1="2" ind2=" "><subfield code="a">suppressed</subfield></datafield><datafield tag="902" ind1=" " ind2=" "><subfield code="a">mugcro</subfield></datafield><datafield tag="907" ind1=" " ind2=" "><subfield code="a">.b23985914</subfield></datafield><datafield tag="907" ind1=" " ind2=" "><subfield code="a">.b23985914</subfield></datafield><datafield tag="975" ind1=" " ind2=" "><subfield code="a">s</subfield></datafield><datafield tag="999" ind1=" " ind2=" "><subfield code="a">elect</subfield><subfield code="b">1</subfield><subfield code="d">m</subfield><subfield code="e">v</subfield><subfield code="f">s</subfield></datafield></record>