<record><leader>00583nam  2200217 a 4500</leader><controlfield tag="001">99176939860001161</controlfield><controlfield tag="005">20130731210838.0</controlfield><controlfield tag="008">121103</controlfield><datafield tag="035" ind1=" " ind2=" "><subfield code="a">MK1HB389</subfield></datafield><datafield tag="100" ind1="1" ind2="2"><subfield code="a">RITTER, KATHLEEN Y.</subfield></datafield><datafield tag="100" ind1="1" ind2="2"><subfield code="a">O'NEILL, CRAIG W.</subfield></datafield><datafield tag="245" ind1=" " ind2="0"><subfield code="a">MOVING THROUGH LOSS: THE SPIRITUAL JOURNAL OF GAY MEN AND LESBIAN WOMEN.</subfield></datafield><datafield tag="260" ind1="1" ind2=" "><subfield code="a">2007.</subfield></datafield><datafield tag="562" ind1=" " ind2=" "><subfield code="a">mugcro</subfield></datafield><datafield tag="856" ind1="4" ind2="0"><subfield code="u">http://digilib.bu.edu/bucr/archive/files/7c4be16d3175a5822799d493dc0d54f0.PDF</subfield></datafield><datafield tag="902" ind1="2" ind2=" "><subfield code="a">suppressed</subfield></datafield><datafield tag="902" ind1=" " ind2=" "><subfield code="a">mugcro</subfield></datafield><datafield tag="907" ind1=" " ind2=" "><subfield code="a">.b27548016</subfield></datafield><datafield tag="907" ind1=" " ind2=" "><subfield code="a">.b27548016</subfield></datafield><datafield tag="975" ind1=" " ind2=" "><subfield code="a">s</subfield></datafield><datafield tag="999" ind1=" " ind2=" "><subfield code="a">elect</subfield><subfield code="b">0</subfield><subfield code="d">m</subfield><subfield code="e">v</subfield><subfield code="f">s</subfield></datafield></record>