<record><leader>00557nam  2200193 a 4500</leader><controlfield tag="001">99176875760001161</controlfield><controlfield tag="005">20150313153015.0</controlfield><controlfield tag="008">121103</controlfield><datafield tag="035" ind1=" " ind2=" "><subfield code="a">MK1CP395</subfield></datafield><datafield tag="100" ind1="1" ind2="2"><subfield code="a">DUFFY, TRUDY K.</subfield></datafield><datafield tag="245" ind1=" " ind2="0"><subfield code="a">WHITE GLOVES AND CRACKED VASES: HOW METAPHORS HELP GROUP WORKERS CONSTRUCT NEW PERSPECTIVES AND RESPONSES.</subfield></datafield><datafield tag="562" ind1=" " ind2=" "><subfield code="a">mugcro</subfield></datafield><datafield tag="856" ind1="4" ind2="0"><subfield code="u">http://digilib.bu.edu/bucr/archive/files/e799a0cd22906dc0d645277d2ecb7e2c.PDF</subfield></datafield><datafield tag="902" ind1="2" ind2=" "><subfield code="a">suppressed</subfield></datafield><datafield tag="902" ind1=" " ind2=" "><subfield code="a">mugcro</subfield></datafield><datafield tag="907" ind1=" " ind2=" "><subfield code="a">.b24453407</subfield></datafield><datafield tag="907" ind1=" " ind2=" "><subfield code="a">.b24453407</subfield></datafield><datafield tag="975" ind1=" " ind2=" "><subfield code="a">s</subfield></datafield><datafield tag="999" ind1=" " ind2=" "><subfield code="a">elect</subfield><subfield code="b">1</subfield><subfield code="d">m</subfield><subfield code="e">a</subfield><subfield code="f">s</subfield></datafield></record>