<record><leader>00611nam  2200205 a 4500</leader><controlfield tag="001">99178745290001161</controlfield><controlfield tag="005">20150318141312.0</controlfield><controlfield tag="008">121103</controlfield><datafield tag="035" ind1=" " ind2=" "><subfield code="a">MK1CP268</subfield></datafield><datafield tag="100" ind1="1" ind2="2"><subfield code="a">Lieberman, Alicia F.</subfield></datafield><datafield tag="245" ind1=" " ind2="0"><subfield code="a">CHILD-PARENT PSYCHOTHERAPY: A RELATIONSHIP-BASED APPROACH TO THE TREATMENT OF MENTAL HEALTH DISORDERS IN INFANCY AND EARLY CHILDHOOD.</subfield></datafield><datafield tag="260" ind1="1" ind2=" "><subfield code="a">2006.</subfield></datafield><datafield tag="562" ind1=" " ind2=" "><subfield code="a">mugcro</subfield></datafield><datafield tag="856" ind1="4" ind2="0"><subfield code="u">http://digilib.bu.edu/bucr/archive/files/9258a5c6931a1dfdf9e2b1509377f316.PDF</subfield></datafield><datafield tag="902" ind1="2" ind2=" "><subfield code="a">suppressed</subfield></datafield><datafield tag="902" ind1=" " ind2=" "><subfield code="a">mugcro</subfield></datafield><datafield tag="907" ind1=" " ind2=" "><subfield code="a">.b26848892</subfield></datafield><datafield tag="907" ind1=" " ind2=" "><subfield code="a">.b26848892</subfield></datafield><datafield tag="975" ind1=" " ind2=" "><subfield code="a">s</subfield></datafield><datafield tag="999" ind1=" " ind2=" "><subfield code="a">elect</subfield><subfield code="b">0</subfield><subfield code="d">m</subfield><subfield code="e">v</subfield><subfield code="f">s</subfield></datafield></record>