<record><leader>00534nam  2200205 a 4500</leader><controlfield tag="001">99178231150001161</controlfield><controlfield tag="005">20130731150910.0</controlfield><controlfield tag="008">121103</controlfield><datafield tag="035" ind1=" " ind2=" "><subfield code="a">MK1CP615</subfield></datafield><datafield tag="100" ind1="1" ind2="2"><subfield code="a">NORTON FORD, JULIAN D.</subfield></datafield><datafield tag="245" ind1=" " ind2="0"><subfield code="a">TREATMENT OF COMPLEX POSTTRAUMATIC SELF-DYSREGULATION.</subfield></datafield><datafield tag="260" ind1="1" ind2=" "><subfield code="a">2006.</subfield></datafield><datafield tag="562" ind1=" " ind2=" "><subfield code="a">mugcro</subfield></datafield><datafield tag="856" ind1="4" ind2="0"><subfield code="u">http://digilib.bu.edu/bucr/archive/files/6798d7cd6fd3e94d26f2800ff2852bb9.PDF</subfield></datafield><datafield tag="902" ind1="2" ind2=" "><subfield code="a">suppressed</subfield></datafield><datafield tag="902" ind1=" " ind2=" "><subfield code="a">mugcro</subfield></datafield><datafield tag="907" ind1=" " ind2=" "><subfield code="a">.b27053398</subfield></datafield><datafield tag="907" ind1=" " ind2=" "><subfield code="a">.b27053398</subfield></datafield><datafield tag="975" ind1=" " ind2=" "><subfield code="a">s</subfield></datafield><datafield tag="999" ind1=" " ind2=" "><subfield code="a">elect</subfield><subfield code="b">0</subfield><subfield code="d">m</subfield><subfield code="e">a</subfield><subfield code="f">s</subfield></datafield></record>