<record><leader>00435nam  2200169 a 4500</leader><controlfield tag="001">99178522370001161</controlfield><controlfield tag="005">20150128142025.0</controlfield><controlfield tag="008">121103</controlfield><datafield tag="049" ind1=" " ind2=" "><subfield code="a">BOTN</subfield></datafield><datafield tag="090" ind1=" " ind2=" "><subfield code="a">MK1 EN171</subfield></datafield><datafield tag="100" ind1=" " ind2=" "><subfield code="a">SEXTON, ANNE.</subfield></datafield><datafield tag="245" ind1=" " ind2="0"><subfield code="a">CINDERELLA (TRANSFORMATIONS)</subfield></datafield><datafield tag="856" ind1="4" ind2="0"><subfield code="u">http://digilib.bu.edu/bucr/archive/files/d20674cc49d8f557ed721b449d65eadb.pdf</subfield></datafield><datafield tag="902" ind1="2" ind2=" "><subfield code="a">suppressed</subfield></datafield><datafield tag="907" ind1=" " ind2=" "><subfield code="a">.b38951411</subfield></datafield><datafield tag="907" ind1=" " ind2=" "><subfield code="a">.b38951411</subfield></datafield><datafield tag="999" ind1=" " ind2=" "><subfield code="a">multi</subfield><subfield code="b">0</subfield><subfield code="d">m</subfield><subfield code="e">v</subfield><subfield code="f">s</subfield></datafield></record>