<record><leader>00556nam  2200205 a 4500</leader><controlfield tag="001">99178063990001161</controlfield><controlfield tag="005">20130813035112.0</controlfield><controlfield tag="008">121103</controlfield><datafield tag="035" ind1=" " ind2=" "><subfield code="a">MK1HB932</subfield></datafield><datafield tag="049" ind1=" " ind2=" "><subfield code="a">BOTN</subfield></datafield><datafield tag="100" ind1="1" ind2="2"><subfield code="a">KANAPAUX, WILLIAM.</subfield></datafield><datafield tag="245" ind1=" " ind2="0"><subfield code="a">RESEARCHERS TACKLE THE UNDERDIAGNOSIS AND UNDERTREATMENT OF LATE-LIFE DEPRESSION.</subfield></datafield><datafield tag="562" ind1=" " ind2=" "><subfield code="a">mugcro</subfield></datafield><datafield tag="856" ind1="4" ind2="0"><subfield code="u">http://digilib.bu.edu/bucr/archive/files/f112e7ffa0a85af322888c65faccf995.PDF</subfield></datafield><datafield tag="902" ind1="2" ind2=" "><subfield code="a">suppressed</subfield></datafield><datafield tag="902" ind1=" " ind2=" "><subfield code="a">mugcro</subfield></datafield><datafield tag="907" ind1=" " ind2=" "><subfield code="a">.b36431059</subfield></datafield><datafield tag="907" ind1=" " ind2=" "><subfield code="a">.b36431059</subfield></datafield><datafield tag="975" ind1=" " ind2=" "><subfield code="a">s</subfield></datafield><datafield tag="999" ind1=" " ind2=" "><subfield code="a">elect</subfield><subfield code="b">0</subfield><subfield code="d">m</subfield><subfield code="e">v</subfield><subfield code="f">s</subfield></datafield></record>