<record><leader>00598nam  2200229 a 4500</leader><controlfield tag="001">99180226830001161</controlfield><controlfield tag="005">20130813025038.0</controlfield><controlfield tag="008">121103</controlfield><datafield tag="035" ind1=" " ind2=" "><subfield code="a">MK1HB263</subfield></datafield><datafield tag="100" ind1="1" ind2="2"><subfield code="a">JAVIER, RAFAEL ART.</subfield></datafield><datafield tag="100" ind1="1" ind2="2"><subfield code="a">HERRON, WILLIAM G.</subfield></datafield><datafield tag="100" ind1="1" ind2="2"><subfield code="a">YANOS, PHILIP T.</subfield></datafield><datafield tag="245" ind1=" " ind2="0"><subfield code="a">URBAN POVERTY, ETHNICITY, AND PERSONALITY DEVELOMENT.</subfield></datafield><datafield tag="260" ind1="1" ind2=" "><subfield code="a">2006.</subfield></datafield><datafield tag="562" ind1=" " ind2=" "><subfield code="a">mugcro</subfield></datafield><datafield tag="856" ind1="4" ind2="0"><subfield code="u">http://digilib.bu.edu/bucr/archive/files/acedda020821f76d9eef8ad4f8c3f902.PDF</subfield></datafield><datafield tag="902" ind1="2" ind2=" "><subfield code="a">suppressed</subfield></datafield><datafield tag="902" ind1=" " ind2=" "><subfield code="a">mugcro</subfield></datafield><datafield tag="907" ind1=" " ind2=" "><subfield code="a">.b26891190</subfield></datafield><datafield tag="907" ind1=" " ind2=" "><subfield code="a">.b26891190</subfield></datafield><datafield tag="975" ind1=" " ind2=" "><subfield code="a">s</subfield></datafield><datafield tag="999" ind1=" " ind2=" "><subfield code="a">elect</subfield><subfield code="b">0</subfield><subfield code="d">m</subfield><subfield code="e">v</subfield><subfield code="f">s</subfield></datafield></record>