<record><leader>00648nam  2200229 a 4500</leader><controlfield tag="001">99179890590001161</controlfield><controlfield tag="005">20130801023344.0</controlfield><controlfield tag="008">121103</controlfield><datafield tag="035" ind1=" " ind2=" "><subfield code="a">MK1MP262</subfield></datafield><datafield tag="100" ind1="1" ind2="2"><subfield code="a">SELDEN, SALLY COLEMAN.</subfield></datafield><datafield tag="100" ind1="1" ind2="2"><subfield code="a">SOWA, JESSICA E.</subfield></datafield><datafield tag="100" ind1="1" ind2="2"><subfield code="a">SANDFORT, JODI.</subfield></datafield><datafield tag="245" ind1=" " ind2="0"><subfield code="a">IMPACT OF NONPROFIT COLLABORATION IN EARLY CHILD CARE AND EDUCATION ON MANAGEMENT AND PROGRAM OUTCOMES.</subfield></datafield><datafield tag="260" ind1="1" ind2=" "><subfield code="a">2008.</subfield></datafield><datafield tag="562" ind1=" " ind2=" "><subfield code="a">mugcro</subfield></datafield><datafield tag="856" ind1="4" ind2="0"><subfield code="u">http://digilib.bu.edu/bucr/archive/files/47d1302b4eab78dd63415b944a84522d.PDF</subfield></datafield><datafield tag="902" ind1="2" ind2=" "><subfield code="a">suppressed</subfield></datafield><datafield tag="902" ind1=" " ind2=" "><subfield code="a">mugcro</subfield></datafield><datafield tag="907" ind1=" " ind2=" "><subfield code="a">.b27552020</subfield></datafield><datafield tag="907" ind1=" " ind2=" "><subfield code="a">.b27552020</subfield></datafield><datafield tag="975" ind1=" " ind2=" "><subfield code="a">s</subfield></datafield><datafield tag="999" ind1=" " ind2=" "><subfield code="a">elect</subfield><subfield code="b">0</subfield><subfield code="d">m</subfield><subfield code="e">v</subfield><subfield code="f">s</subfield></datafield></record>