<record><leader>00609nam  2200205 a 4500</leader><controlfield tag="001">99180233390001161</controlfield><controlfield tag="005">20150306112238.0</controlfield><controlfield tag="008">121103</controlfield><datafield tag="035" ind1=" " ind2=" "><subfield code="a">MK1PS205</subfield></datafield><datafield tag="049" ind1=" " ind2=" "><subfield code="a">BOTN</subfield></datafield><datafield tag="100" ind1="1" ind2="2"><subfield code="a">BENISH, STEVEN G.</subfield></datafield><datafield tag="245" ind1=" " ind2="4"><subfield code="a">THE RELATIVE EFFICACY OF BONA FIDE PSYCHOTHERAPIES FOR TREATING POST-TRAUMATIC STRESS DISORDER:  A META-ANALYSIS OF DIRECT COMPARISONS.</subfield></datafield><datafield tag="562" ind1=" " ind2=" "><subfield code="a">mugcro</subfield></datafield><datafield tag="856" ind1="4" ind2="0"><subfield code="u">http://digilib.bu.edu/bucr/archive/files/1cf2465a2176d15fecc9c5b67db15ebb.PDF</subfield></datafield><datafield tag="902" ind1="2" ind2=" "><subfield code="a">suppressed</subfield></datafield><datafield tag="902" ind1=" " ind2=" "><subfield code="a">mugcro</subfield></datafield><datafield tag="907" ind1=" " ind2=" "><subfield code="a">.b34293401</subfield></datafield><datafield tag="907" ind1=" " ind2=" "><subfield code="a">.b34293401</subfield></datafield><datafield tag="975" ind1=" " ind2=" "><subfield code="a">s</subfield></datafield><datafield tag="999" ind1=" " ind2=" "><subfield code="a">elect</subfield><subfield code="b">0</subfield><subfield code="d">m</subfield><subfield code="e">v</subfield><subfield code="f">s</subfield></datafield></record>