<record><leader>00507nam  2200193 a 4500</leader><controlfield tag="001">99180213400001161</controlfield><controlfield tag="005">20140814133133.0</controlfield><controlfield tag="008">121103</controlfield><datafield tag="100" ind1="1" ind2="2"><subfield code="a">Middleman, Ruth R.</subfield></datafield><datafield tag="245" ind1=" " ind2="0"><subfield code="a">CONTEXTUAL GROUP WORK: APPREHENDING THE ELUSIVE OBVIOUS.</subfield></datafield><datafield tag="260" ind1="1" ind2=" "><subfield code="a">2006.</subfield></datafield><datafield tag="562" ind1=" " ind2=" "><subfield code="a">mugcro</subfield></datafield><datafield tag="856" ind1="4" ind2="0"><subfield code="u">http://digilib.bu.edu/bucr/archive/files/2ef6083f2169416ef0f05f909d815721.PDF</subfield></datafield><datafield tag="902" ind1="2" ind2=" "><subfield code="a">suppressed</subfield></datafield><datafield tag="902" ind1=" " ind2=" "><subfield code="a">mugcro</subfield></datafield><datafield tag="907" ind1=" " ind2=" "><subfield code="a">.b2688849x</subfield></datafield><datafield tag="907" ind1=" " ind2=" "><subfield code="a">.b2688849x</subfield></datafield><datafield tag="975" ind1=" " ind2=" "><subfield code="a">s</subfield></datafield><datafield tag="999" ind1=" " ind2=" "><subfield code="a">elect</subfield><subfield code="b">0</subfield><subfield code="d">m</subfield><subfield code="e">a</subfield><subfield code="f">s</subfield></datafield></record>