<record><leader>00535nam  2200193 a 4500</leader><controlfield tag="001">99180180210001161</controlfield><controlfield tag="005">20150318145812.0</controlfield><controlfield tag="008">121103</controlfield><datafield tag="035" ind1=" " ind2=" "><subfield code="a">MK1CP214</subfield></datafield><datafield tag="100" ind1="1" ind2="2"><subfield code="a">Weingarten, Kathy.</subfield></datafield><datafield tag="245" ind1=" " ind2="4"><subfield code="a">THE SMALL AND THE ORDINARY: THE DAILY PRACTICE OF A POSTMODERN NARRATIVE THERAPY.</subfield></datafield><datafield tag="562" ind1=" " ind2=" "><subfield code="a">mugcro</subfield></datafield><datafield tag="856" ind1="4" ind2="0"><subfield code="u">http://digilib.bu.edu/bucr/archive/files/5995fef8e62cd3296282b7536fbe8c9a.PDF</subfield></datafield><datafield tag="902" ind1="2" ind2=" "><subfield code="a">suppressed</subfield></datafield><datafield tag="902" ind1=" " ind2=" "><subfield code="a">mugcro</subfield></datafield><datafield tag="907" ind1=" " ind2=" "><subfield code="a">.b25142355</subfield></datafield><datafield tag="907" ind1=" " ind2=" "><subfield code="a">.b25142355</subfield></datafield><datafield tag="975" ind1=" " ind2=" "><subfield code="a">s</subfield></datafield><datafield tag="999" ind1=" " ind2=" "><subfield code="a">elect</subfield><subfield code="b">1</subfield><subfield code="d">m</subfield><subfield code="e">v</subfield><subfield code="f">s</subfield></datafield></record>