<record><leader>00588nam  2200205 a 4500</leader><controlfield tag="001">99180232950001161</controlfield><controlfield tag="005">20150312133018.0</controlfield><controlfield tag="008">121103</controlfield><datafield tag="035" ind1=" " ind2=" "><subfield code="a">MK1CP399</subfield></datafield><datafield tag="100" ind1="1" ind2="2"><subfield code="a">SMITH, AARON.</subfield></datafield><datafield tag="245" ind1=" " ind2="0"><subfield code="a">GROUP RECORD: TIME OUT: A SUPPORT GROUP FOR AFRICAN-AMERICAN GRANDMOTHERS REARING THEIR ADDICTED DAUGHTERS' CHILDREN.</subfield></datafield><datafield tag="260" ind1="1" ind2=" "><subfield code="a">2006.</subfield></datafield><datafield tag="562" ind1=" " ind2=" "><subfield code="a">mugcro</subfield></datafield><datafield tag="856" ind1="4" ind2="0"><subfield code="u">http://digilib.bu.edu/bucr/archive/files/da4be582af207bf1ba61a3d87ff9d2dd.PDF</subfield></datafield><datafield tag="902" ind1="2" ind2=" "><subfield code="a">suppressed</subfield></datafield><datafield tag="902" ind1=" " ind2=" "><subfield code="a">mugcro</subfield></datafield><datafield tag="907" ind1=" " ind2=" "><subfield code="a">.b26889158</subfield></datafield><datafield tag="907" ind1=" " ind2=" "><subfield code="a">.b26889158</subfield></datafield><datafield tag="975" ind1=" " ind2=" "><subfield code="a">s</subfield></datafield><datafield tag="999" ind1=" " ind2=" "><subfield code="a">elect</subfield><subfield code="b">0</subfield><subfield code="d">m</subfield><subfield code="e">a</subfield><subfield code="f">s</subfield></datafield></record>