<record><leader>00516nam  2200205 a 4500</leader><controlfield tag="001">99178766260001161</controlfield><controlfield tag="005">20130731195408.0</controlfield><controlfield tag="008">121103</controlfield><datafield tag="035" ind1=" " ind2=" "><subfield code="a">MK1CP336</subfield></datafield><datafield tag="100" ind1="1" ind2="2"><subfield code="a">MARTIN, GARRY, 1941-</subfield></datafield><datafield tag="245" ind1=" " ind2="0"><subfield code="a">BEHAVIOR MODIFICATION: ETHICAL ISSUES.</subfield></datafield><datafield tag="260" ind1="1" ind2=" "><subfield code="a">2006.</subfield></datafield><datafield tag="562" ind1=" " ind2=" "><subfield code="a">mugcro</subfield></datafield><datafield tag="856" ind1="4" ind2="0"><subfield code="u">http://digilib.bu.edu/bucr/archive/files/e9c60f1cf05828bae3af0ce676c6ad37.PDF</subfield></datafield><datafield tag="902" ind1="2" ind2=" "><subfield code="a">suppressed</subfield></datafield><datafield tag="902" ind1=" " ind2=" "><subfield code="a">mugcro</subfield></datafield><datafield tag="907" ind1=" " ind2=" "><subfield code="a">.b26856116</subfield></datafield><datafield tag="907" ind1=" " ind2=" "><subfield code="a">.b26856116</subfield></datafield><datafield tag="975" ind1=" " ind2=" "><subfield code="a">s</subfield></datafield><datafield tag="999" ind1=" " ind2=" "><subfield code="a">elect</subfield><subfield code="b">0</subfield><subfield code="d">m</subfield><subfield code="e">v</subfield><subfield code="f">s</subfield></datafield></record>