<record><leader>00577nam  2200205 a 4500</leader><controlfield tag="001">99180245040001161</controlfield><controlfield tag="005">20150306111609.0</controlfield><controlfield tag="008">121103</controlfield><datafield tag="035" ind1=" " ind2=" "><subfield code="a">MK1PS158</subfield></datafield><datafield tag="049" ind1=" " ind2=" "><subfield code="a">BOTN</subfield></datafield><datafield tag="100" ind1="1" ind2="2"><subfield code="a">ZIMRING, FRED.</subfield></datafield><datafield tag="245" ind1=" " ind2="0"><subfield code="a">ROGERS AND GLORIA: THE EFFECTS OF MEETING SOME, BUT NOT ALL, OF THE "NECESSARY AND SUFFICIENT" CONDITIONS.</subfield></datafield><datafield tag="562" ind1=" " ind2=" "><subfield code="a">mugcro</subfield></datafield><datafield tag="856" ind1="4" ind2="0"><subfield code="u">http://digilib.bu.edu/bucr/archive/files/db5a33e4858b1073c7a117fc94b7ede7.PDF</subfield></datafield><datafield tag="902" ind1="2" ind2=" "><subfield code="a">suppressed</subfield></datafield><datafield tag="902" ind1=" " ind2=" "><subfield code="a">mugcro</subfield></datafield><datafield tag="907" ind1=" " ind2=" "><subfield code="a">.b34291994</subfield></datafield><datafield tag="907" ind1=" " ind2=" "><subfield code="a">.b34291994</subfield></datafield><datafield tag="975" ind1=" " ind2=" "><subfield code="a">s</subfield></datafield><datafield tag="999" ind1=" " ind2=" "><subfield code="a">elect</subfield><subfield code="b">0</subfield><subfield code="d">m</subfield><subfield code="e">v</subfield><subfield code="f">s</subfield></datafield></record>