<record><leader>00575nam  2200205 a 4500</leader><controlfield tag="001">99180265090001161</controlfield><controlfield tag="005">20150306112259.0</controlfield><controlfield tag="008">121103</controlfield><datafield tag="035" ind1=" " ind2=" "><subfield code="a">MK1PS179</subfield></datafield><datafield tag="049" ind1=" " ind2=" "><subfield code="a">BOTN</subfield></datafield><datafield tag="100" ind1="1" ind2="2"><subfield code="a">BONO, GIACOMO.</subfield></datafield><datafield tag="245" ind1=" " ind2="0"><subfield code="a">POSITIVE RESPONSES TO BENEFIT AND HARM: BRINGING FORGIVENESS AND GRATITUDE INTO COGNITIVE PSYCHOTHERAPY.</subfield></datafield><datafield tag="562" ind1=" " ind2=" "><subfield code="a">mugcro</subfield></datafield><datafield tag="856" ind1="4" ind2="0"><subfield code="u">http://digilib.bu.edu/bucr/archive/files/057483f77cf6de07095f49e039493f0d.PDF</subfield></datafield><datafield tag="902" ind1="2" ind2=" "><subfield code="a">suppressed</subfield></datafield><datafield tag="902" ind1=" " ind2=" "><subfield code="a">mugcro</subfield></datafield><datafield tag="907" ind1=" " ind2=" "><subfield code="a">.b34292196</subfield></datafield><datafield tag="907" ind1=" " ind2=" "><subfield code="a">.b34292196</subfield></datafield><datafield tag="975" ind1=" " ind2=" "><subfield code="a">s</subfield></datafield><datafield tag="999" ind1=" " ind2=" "><subfield code="a">elect</subfield><subfield code="b">0</subfield><subfield code="d">m</subfield><subfield code="e">v</subfield><subfield code="f">s</subfield></datafield></record>