<record><leader>00596nam  2200205 a 4500</leader><controlfield tag="001">99180271100001161</controlfield><controlfield tag="005">20150306112437.0</controlfield><controlfield tag="008">121103</controlfield><datafield tag="035" ind1=" " ind2=" "><subfield code="a">MK1PS209</subfield></datafield><datafield tag="049" ind1=" " ind2=" "><subfield code="a">BOTN</subfield></datafield><datafield tag="100" ind1="1" ind2="2"><subfield code="a">QUINTANA, STEPHEN M.</subfield></datafield><datafield tag="245" ind1=" " ind2="0"><subfield code="a">TOWARD AN EXPANDED AND UPDATED CONCEPTUALIZATION OF TERMINATION:  IMPLICATIONS FOR SHORT-TERM INDIVIDUAL PSYCHOTHERAPY.</subfield></datafield><datafield tag="562" ind1=" " ind2=" "><subfield code="a">mugcro</subfield></datafield><datafield tag="856" ind1="4" ind2="0"><subfield code="u">http://digilib.bu.edu/bucr/archive/files/9a40cf03bf68956ad51d43cbe6efb2be.PDF</subfield></datafield><datafield tag="902" ind1="2" ind2=" "><subfield code="a">suppressed</subfield></datafield><datafield tag="902" ind1=" " ind2=" "><subfield code="a">mugcro</subfield></datafield><datafield tag="907" ind1=" " ind2=" "><subfield code="a">.b34293462</subfield></datafield><datafield tag="907" ind1=" " ind2=" "><subfield code="a">.b34293462</subfield></datafield><datafield tag="975" ind1=" " ind2=" "><subfield code="a">s</subfield></datafield><datafield tag="999" ind1=" " ind2=" "><subfield code="a">elect</subfield><subfield code="b">0</subfield><subfield code="d">m</subfield><subfield code="e">v</subfield><subfield code="f">s</subfield></datafield></record>