<record><leader>00554nam  2200181 a 4500</leader><controlfield tag="001">99180382410001161</controlfield><controlfield tag="005">20140813153641.0</controlfield><controlfield tag="008">121103</controlfield><datafield tag="035" ind1=" " ind2=" "><subfield code="a">MK1MP435</subfield></datafield><datafield tag="049" ind1=" " ind2=" "><subfield code="a">BOTN</subfield></datafield><datafield tag="100" ind1="1" ind2="2"><subfield code="a">KNEE, RYAN TOLLESON.</subfield></datafield><datafield tag="245" ind1=" " ind2="0"><subfield code="a">BRIDGING THE CREVASSE BETWEEN DIRECT PRACTICE SOCIAL WORK AND MANAGEMENT BY INCREASING THE TRANSFERABILITY OF CORE SKILLS.</subfield></datafield><datafield tag="562" ind1=" " ind2=" "><subfield code="a">mugcro</subfield></datafield><datafield tag="856" ind1="4" ind2=" "><subfield code="u">http://digilib.bu.edu/bucr/archive/files/8a8242a39755d4941a8877e273caaebc.PDF</subfield></datafield><datafield tag="902" ind1="2" ind2=" "><subfield code="a">suppressed</subfield></datafield><datafield tag="902" ind1=" " ind2=" "><subfield code="a">mugcro</subfield></datafield><datafield tag="907" ind1=" " ind2=" "><subfield code="a">.b38937967</subfield></datafield><datafield tag="999" ind1=" " ind2=" "><subfield code="a">multi</subfield><subfield code="b">0</subfield><subfield code="d">m</subfield><subfield code="e">v</subfield><subfield code="f">s</subfield></datafield></record>