<record><leader>00581nam  2200205 a 4500</leader><controlfield tag="001">99180268440001161</controlfield><controlfield tag="005">20150306111313.0</controlfield><controlfield tag="008">121103</controlfield><datafield tag="035" ind1=" " ind2=" "><subfield code="a">MK1PS215</subfield></datafield><datafield tag="049" ind1=" " ind2=" "><subfield code="a">BOTN</subfield></datafield><datafield tag="100" ind1="1" ind2="2"><subfield code="a">MCHENRY, SHERRY S.</subfield></datafield><datafield tag="245" ind1=" " ind2="0"><subfield code="a">HOMOPHOBIA IN THE THERAPIST AND GAY OR LESBIAN CLIENT:  CONSCIOUS AND UNCONSCIOUS COLLUSIONS IN SELF-HATE.</subfield></datafield><datafield tag="562" ind1=" " ind2=" "><subfield code="a">mugcro</subfield></datafield><datafield tag="856" ind1="4" ind2="0"><subfield code="u">http://digilib.bu.edu/bucr/archive/files/796494c077971731b3d3b9ce6214ef89.PDF</subfield></datafield><datafield tag="902" ind1="2" ind2=" "><subfield code="a">suppressed</subfield></datafield><datafield tag="902" ind1=" " ind2=" "><subfield code="a">mugcro</subfield></datafield><datafield tag="907" ind1=" " ind2=" "><subfield code="a">.b34293565</subfield></datafield><datafield tag="907" ind1=" " ind2=" "><subfield code="a">.b34293565</subfield></datafield><datafield tag="975" ind1=" " ind2=" "><subfield code="a">s</subfield></datafield><datafield tag="999" ind1=" " ind2=" "><subfield code="a">elect</subfield><subfield code="b">0</subfield><subfield code="d">m</subfield><subfield code="e">v</subfield><subfield code="f">s</subfield></datafield></record>