<record><leader>00593nam  2200205 a 4500</leader><controlfield tag="001">99180257970001161</controlfield><controlfield tag="005">20150306110542.0</controlfield><controlfield tag="008">121103</controlfield><datafield tag="035" ind1=" " ind2=" "><subfield code="a">MK1PS164</subfield></datafield><datafield tag="049" ind1=" " ind2=" "><subfield code="a">BOTN</subfield></datafield><datafield tag="100" ind1="1" ind2="2"><subfield code="a">Freud, Sigmund,</subfield><subfield code="d">1856-1939.</subfield><subfield code="t">Standard edition of the complete psychological works of Sigmund Freud,</subfield><subfield code="v">v. 12.</subfield></datafield><datafield tag="245" ind1=" " ind2="4"><subfield code="a">THE DYNAMICS OF TRANSFERENCE.</subfield></datafield><datafield tag="562" ind1=" " ind2=" "><subfield code="a">mugcro</subfield></datafield><datafield tag="856" ind1="4" ind2="0"><subfield code="u">http://digilib.bu.edu/bucr/archive/files/3e8f0b0285f5ef1c65fb509883af2950.PDF</subfield></datafield><datafield tag="902" ind1="2" ind2=" "><subfield code="a">suppressed</subfield></datafield><datafield tag="902" ind1=" " ind2=" "><subfield code="a">mugcro</subfield></datafield><datafield tag="907" ind1=" " ind2=" "><subfield code="a">.b34292068</subfield></datafield><datafield tag="907" ind1=" " ind2=" "><subfield code="a">.b34292068</subfield></datafield><datafield tag="975" ind1=" " ind2=" "><subfield code="a">s</subfield></datafield><datafield tag="999" ind1=" " ind2=" "><subfield code="a">elect</subfield><subfield code="b">0</subfield><subfield code="d">m</subfield><subfield code="e">v</subfield><subfield code="f">s</subfield></datafield></record>