<record><leader>00498nam  2200205 a 4500</leader><controlfield tag="001">99180259630001161</controlfield><controlfield tag="005">20130813033114.0</controlfield><controlfield tag="008">121103</controlfield><datafield tag="035" ind1=" " ind2=" "><subfield code="a">MK1HB227</subfield></datafield><datafield tag="100" ind1="1" ind2="2"><subfield code="a">Layton, Molly.</subfield></datafield><datafield tag="245" ind1=" " ind2="0"><subfield code="a">EMERGING FROM THE SHADOWS.</subfield></datafield><datafield tag="260" ind1="1" ind2=" "><subfield code="a">2006.</subfield></datafield><datafield tag="562" ind1=" " ind2=" "><subfield code="a">mugcro</subfield></datafield><datafield tag="856" ind1="4" ind2="0"><subfield code="u">http://digilib.bu.edu/bucr/archive/files/b3a25007b3ab30184862f54d550a1b9e.PDF</subfield></datafield><datafield tag="902" ind1="2" ind2=" "><subfield code="a">suppressed</subfield></datafield><datafield tag="902" ind1=" " ind2=" "><subfield code="a">mugcro</subfield></datafield><datafield tag="907" ind1=" " ind2=" "><subfield code="a">.b26884756</subfield></datafield><datafield tag="907" ind1=" " ind2=" "><subfield code="a">.b26884756</subfield></datafield><datafield tag="975" ind1=" " ind2=" "><subfield code="a">s</subfield></datafield><datafield tag="999" ind1=" " ind2=" "><subfield code="a">elect</subfield><subfield code="b">0</subfield><subfield code="d">m</subfield><subfield code="e">v</subfield><subfield code="f">s</subfield></datafield></record>