<record><leader>00581nam  2200193 a 4500</leader><controlfield tag="001">99180267850001161</controlfield><controlfield tag="005">20150312151336.0</controlfield><controlfield tag="008">121103</controlfield><datafield tag="100" ind1="1" ind2="2"><subfield code="a">Bentelspacher, Carl Edward.</subfield></datafield><datafield tag="245" ind1=" " ind2="2"><subfield code="a">A PROCESS EVALUATION OF THE CULTURAL COMPATIBILITY OF PSYCHOEDUCATIONAL FAMILY GROUP TREATMENT WITH ETHNIC ASIAN CLIENTS.</subfield></datafield><datafield tag="260" ind1="1" ind2=" "><subfield code="a">2006.</subfield></datafield><datafield tag="562" ind1=" " ind2=" "><subfield code="a">mugcro</subfield></datafield><datafield tag="856" ind1="4" ind2="0"><subfield code="u">http://digilib.bu.edu/bucr/archive/files/e8079f4fabeed05e6e54df4c34ac489d.PDF</subfield></datafield><datafield tag="902" ind1="2" ind2=" "><subfield code="a">suppressed</subfield></datafield><datafield tag="902" ind1=" " ind2=" "><subfield code="a">mugcro</subfield></datafield><datafield tag="907" ind1=" " ind2=" "><subfield code="a">.b26892923</subfield></datafield><datafield tag="907" ind1=" " ind2=" "><subfield code="a">.b26892923</subfield></datafield><datafield tag="975" ind1=" " ind2=" "><subfield code="a">s</subfield></datafield><datafield tag="999" ind1=" " ind2=" "><subfield code="a">elect</subfield><subfield code="b">0</subfield><subfield code="d">m</subfield><subfield code="e">a</subfield><subfield code="f">s</subfield></datafield></record>