<record><leader>00599nam  2200205 a 4500</leader><controlfield tag="001">99180258610001161</controlfield><controlfield tag="005">20150312133759.0</controlfield><controlfield tag="008">121103</controlfield><datafield tag="035" ind1=" " ind2=" "><subfield code="a">MK1CP419</subfield></datafield><datafield tag="100" ind1="1" ind2="2"><subfield code="a">Saulnier, Christine Flynn.</subfield></datafield><datafield tag="245" ind1=" " ind2="0"><subfield code="a">GROUPS AS DATA COLLECTION METHOD AND DATA ANALYSIS TECHNIQUE: MULTIPLE PERSPECTIVES ON URBAN SOCIAL WORK EDUCATION.</subfield></datafield><datafield tag="260" ind1="1" ind2=" "><subfield code="a">2006.</subfield></datafield><datafield tag="562" ind1=" " ind2=" "><subfield code="a">mugcro</subfield></datafield><datafield tag="856" ind1="4" ind2="0"><subfield code="u">http://digilib.bu.edu/bucr/archive/files/6a89e20a70b66bd6b20ee2f9cdd448fc.PDF</subfield></datafield><datafield tag="902" ind1="2" ind2=" "><subfield code="a">suppressed</subfield></datafield><datafield tag="902" ind1=" " ind2=" "><subfield code="a">mugcro</subfield></datafield><datafield tag="907" ind1=" " ind2=" "><subfield code="a">.b2689287x</subfield></datafield><datafield tag="907" ind1=" " ind2=" "><subfield code="a">.b2689287x</subfield></datafield><datafield tag="975" ind1=" " ind2=" "><subfield code="a">s</subfield></datafield><datafield tag="999" ind1=" " ind2=" "><subfield code="a">elect</subfield><subfield code="b">0</subfield><subfield code="d">m</subfield><subfield code="e">a</subfield><subfield code="f">s</subfield></datafield></record>