<record><leader>00493nam  2200193 a 4500</leader><controlfield tag="001">99179551720001161</controlfield><controlfield tag="005">20130812214802.0</controlfield><controlfield tag="008">121103</controlfield><datafield tag="035" ind1=" " ind2=" "><subfield code="a">MK1301</subfield></datafield><datafield tag="100" ind1="1" ind2="2"><subfield code="a">TATUM, BEVERLY DANIEL.</subfield></datafield><datafield tag="245" ind1=" " ind2="0"><subfield code="a">TALKING ABOUT RACE, LEARNING ABOUT RACISM.</subfield></datafield><datafield tag="260" ind1="1" ind2=" "><subfield code="a">2005.</subfield></datafield><datafield tag="562" ind1=" " ind2=" "><subfield code="a">mugcro</subfield></datafield><datafield tag="856" ind1="4" ind2="0"><subfield code="u">http://digilib.bu.edu/bucr/archive/files/448ca8c45225eb752bf46b002042a07e.PDF</subfield></datafield><datafield tag="902" ind1=" " ind2=" "><subfield code="a">mugcro</subfield></datafield><datafield tag="907" ind1=" " ind2=" "><subfield code="a">.b25849888</subfield></datafield><datafield tag="907" ind1=" " ind2=" "><subfield code="a">.b25849888</subfield></datafield><datafield tag="975" ind1=" " ind2=" "><subfield code="a">s</subfield></datafield><datafield tag="999" ind1=" " ind2=" "><subfield code="a">elect</subfield><subfield code="b">0</subfield><subfield code="d">m</subfield><subfield code="e">v</subfield><subfield code="f">s</subfield></datafield></record>