<record><leader>00454nam  2200181 a 4500</leader><controlfield tag="001">99179651620001161</controlfield><controlfield tag="005">20150313152905.0</controlfield><controlfield tag="008">121103</controlfield><datafield tag="100" ind1="1" ind2="2"><subfield code="a">SCHOPLER, JANICE H.</subfield></datafield><datafield tag="245" ind1=" " ind2="0"><subfield code="a">TECHNOLOGY-BASED GROUPS.</subfield></datafield><datafield tag="562" ind1=" " ind2=" "><subfield code="a">mugcro</subfield></datafield><datafield tag="856" ind1="4" ind2="0"><subfield code="u">http://digilib.bu.edu/bucr/archive/files/eef5180993ea9784460b807a77c82a25.PDF</subfield></datafield><datafield tag="902" ind1="2" ind2=" "><subfield code="a">suppressed</subfield></datafield><datafield tag="902" ind1=" " ind2=" "><subfield code="a">mugcro</subfield></datafield><datafield tag="907" ind1=" " ind2=" "><subfield code="a">.b22096255</subfield></datafield><datafield tag="907" ind1=" " ind2=" "><subfield code="a">.b22096255</subfield></datafield><datafield tag="975" ind1=" " ind2=" "><subfield code="a">s</subfield></datafield><datafield tag="999" ind1=" " ind2=" "><subfield code="a">elect</subfield><subfield code="b">1</subfield><subfield code="d">m</subfield><subfield code="e">a</subfield><subfield code="f">s</subfield></datafield></record>