<record><leader>00527nam  2200193 a 4500</leader><controlfield tag="001">99179332070001161</controlfield><controlfield tag="005">20130812231052.0</controlfield><controlfield tag="008">121103</controlfield><datafield tag="035" ind1=" " ind2=" "><subfield code="a">MK1CP298</subfield></datafield><datafield tag="100" ind1="1" ind2="2"><subfield code="a">CASTILLO, RICHARD J, 1951-</subfield></datafield><datafield tag="245" ind1=" " ind2="0"><subfield code="a">PSYCHOTIC DISORDERS: CHAPTER 14 FROM "CULTURE AND MENTAL ILLNESS"</subfield></datafield><datafield tag="562" ind1=" " ind2=" "><subfield code="a">mugcro</subfield></datafield><datafield tag="856" ind1="4" ind2="0"><subfield code="u">http://digilib.bu.edu/bucr/archive/files/cb7fc74f906aa567dfe86a041a2e1c7e.PDF</subfield></datafield><datafield tag="902" ind1="2" ind2=" "><subfield code="a">suppressed</subfield></datafield><datafield tag="902" ind1=" " ind2=" "><subfield code="a">mugcro</subfield></datafield><datafield tag="907" ind1=" " ind2=" "><subfield code="a">.b25535353</subfield></datafield><datafield tag="907" ind1=" " ind2=" "><subfield code="a">.b25535353</subfield></datafield><datafield tag="975" ind1=" " ind2=" "><subfield code="a">s</subfield></datafield><datafield tag="999" ind1=" " ind2=" "><subfield code="a">elect</subfield><subfield code="b">0</subfield><subfield code="d">m</subfield><subfield code="e">v</subfield><subfield code="f">s</subfield></datafield></record>