<record><leader>00507nam  2200193 a 4500</leader><controlfield tag="001">99180922180001161</controlfield><controlfield tag="005">20150318145608.0</controlfield><controlfield tag="008">121103</controlfield><datafield tag="035" ind1=" " ind2=" "><subfield code="a">MK1CP220</subfield></datafield><datafield tag="100" ind1="1" ind2="2"><subfield code="a">Everett, Craig A.</subfield></datafield><datafield tag="245" ind1=" " ind2="0"><subfield code="a">SINGLE-PARENT FAMILIES: DYNAMICS AND TREATMENT ISSUES.</subfield></datafield><datafield tag="562" ind1=" " ind2=" "><subfield code="a">mugcro</subfield></datafield><datafield tag="856" ind1="4" ind2="0"><subfield code="u">http://digilib.bu.edu/bucr/archive/files/5e2bec73cf3e683d4d398c45d6b07998.PDF</subfield></datafield><datafield tag="902" ind1="2" ind2=" "><subfield code="a">suppressed</subfield></datafield><datafield tag="902" ind1=" " ind2=" "><subfield code="a">mugcro</subfield></datafield><datafield tag="907" ind1=" " ind2=" "><subfield code="a">.b24957136</subfield></datafield><datafield tag="907" ind1=" " ind2=" "><subfield code="a">.b24957136</subfield></datafield><datafield tag="975" ind1=" " ind2=" "><subfield code="a">s</subfield></datafield><datafield tag="999" ind1=" " ind2=" "><subfield code="a">elect</subfield><subfield code="b">1</subfield><subfield code="d">m</subfield><subfield code="e">v</subfield><subfield code="f">s</subfield></datafield></record>