<record><leader>00501nam  2200193 a 4500</leader><controlfield tag="001">99180912900001161</controlfield><controlfield tag="005">20150318144232.0</controlfield><controlfield tag="008">121103</controlfield><datafield tag="035" ind1=" " ind2=" "><subfield code="a">MK1CP259</subfield></datafield><datafield tag="100" ind1="1" ind2="2"><subfield code="a">DEACON, SHARON A.</subfield></datafield><datafield tag="245" ind1=" " ind2="0"><subfield code="a">INTERCOUNTRY ADOPTION AND THE FAMILY LIFE-CYCLE.</subfield></datafield><datafield tag="562" ind1=" " ind2=" "><subfield code="a">mugcro</subfield></datafield><datafield tag="856" ind1="4" ind2="0"><subfield code="u">http://digilib.bu.edu/bucr/archive/files/361eaf763fd216c0b96dc78cd7a08304.PDF</subfield></datafield><datafield tag="902" ind1="2" ind2=" "><subfield code="a">suppressed</subfield></datafield><datafield tag="902" ind1=" " ind2=" "><subfield code="a">mugcro</subfield></datafield><datafield tag="907" ind1=" " ind2=" "><subfield code="a">.b24957185</subfield></datafield><datafield tag="907" ind1=" " ind2=" "><subfield code="a">.b24957185</subfield></datafield><datafield tag="975" ind1=" " ind2=" "><subfield code="a">s</subfield></datafield><datafield tag="999" ind1=" " ind2=" "><subfield code="a">elect</subfield><subfield code="b">1</subfield><subfield code="d">m</subfield><subfield code="e">v</subfield><subfield code="f">s</subfield></datafield></record>