<record><leader>00509nam  2200205 a 4500</leader><controlfield tag="001">99181437530001161</controlfield><controlfield tag="005">20130731190319.0</controlfield><controlfield tag="008">121103</controlfield><datafield tag="035" ind1=" " ind2=" "><subfield code="a">MK1WP138</subfield></datafield><datafield tag="100" ind1="1" ind2="2"><subfield code="a">Minow, Martha,</subfield><subfield code="d">1954-</subfield></datafield><datafield tag="245" ind1=" " ind2="0"><subfield code="a">SOCIAL MOVEMENTS FOR CHILDREN.</subfield></datafield><datafield tag="260" ind1="1" ind2=" "><subfield code="a">2000.</subfield></datafield><datafield tag="562" ind1=" " ind2=" "><subfield code="a">mugcro</subfield></datafield><datafield tag="856" ind1="4" ind2="0"><subfield code="u">http://digilib.bu.edu/bucr/archive/files/8d477350dbda17ca78a6934a1917eb05.PDF</subfield></datafield><datafield tag="902" ind1="2" ind2=" "><subfield code="a">suppressed</subfield></datafield><datafield tag="902" ind1=" " ind2=" "><subfield code="a">mugcro</subfield></datafield><datafield tag="907" ind1=" " ind2=" "><subfield code="a">.b2264037x</subfield></datafield><datafield tag="907" ind1=" " ind2=" "><subfield code="a">.b2264037x</subfield></datafield><datafield tag="975" ind1=" " ind2=" "><subfield code="a">s</subfield></datafield><datafield tag="999" ind1=" " ind2=" "><subfield code="a">multi</subfield><subfield code="b">1</subfield><subfield code="d">m</subfield><subfield code="e">v</subfield><subfield code="f">s</subfield></datafield></record>