<record><leader>00515nam  2200193 a 4500</leader><controlfield tag="001">99182246830001161</controlfield><controlfield tag="005">20150318143750.0</controlfield><controlfield tag="008">121103</controlfield><datafield tag="035" ind1=" " ind2=" "><subfield code="a">MK1CP242</subfield></datafield><datafield tag="100" ind1="1" ind2="2"><subfield code="a">Walsh, Froma.</subfield></datafield><datafield tag="245" ind1=" " ind2="0"><subfield code="a">(FE)MALE: THE HIDDEN GENDER DIMENSION IN MODELS OF FAMILY THERAPY.</subfield></datafield><datafield tag="562" ind1=" " ind2=" "><subfield code="a">mugcro</subfield></datafield><datafield tag="856" ind1="4" ind2="0"><subfield code="u">http://digilib.bu.edu/bucr/archive/files/e205ac69f51e43ee530590af7b5b4f70.PDF</subfield></datafield><datafield tag="902" ind1="2" ind2=" "><subfield code="a">suppressed</subfield></datafield><datafield tag="902" ind1=" " ind2=" "><subfield code="a">mugcro</subfield></datafield><datafield tag="907" ind1=" " ind2=" "><subfield code="a">.b21431206</subfield></datafield><datafield tag="907" ind1=" " ind2=" "><subfield code="a">.b21431206</subfield></datafield><datafield tag="975" ind1=" " ind2=" "><subfield code="a">s</subfield></datafield><datafield tag="999" ind1=" " ind2=" "><subfield code="a">elect</subfield><subfield code="b">1</subfield><subfield code="d">m</subfield><subfield code="e">v</subfield><subfield code="f">s</subfield></datafield></record>