<record><leader>00528nam  2200193 a 4500</leader><controlfield tag="001">99182454190001161</controlfield><controlfield tag="005">20150312130137.0</controlfield><controlfield tag="008">121103</controlfield><datafield tag="100" ind1="1" ind2="2"><subfield code="a">SHADLEY, MERI L.</subfield></datafield><datafield tag="245" ind1=" " ind2="0"><subfield code="a">ARE ALL THERAPISTS ALIKE? REVISITING RESEARCH ABOUT THE USE OF SELF IN THERAPY.</subfield></datafield><datafield tag="260" ind1="1" ind2=" "><subfield code="a">2006.</subfield></datafield><datafield tag="562" ind1=" " ind2=" "><subfield code="a">mugcro</subfield></datafield><datafield tag="856" ind1="4" ind2="0"><subfield code="u">http://digilib.bu.edu/bucr/archive/files/11ed5996d9df933c6f58d72ad5847b16.PDF</subfield></datafield><datafield tag="902" ind1="2" ind2=" "><subfield code="a">suppressed</subfield></datafield><datafield tag="902" ind1=" " ind2=" "><subfield code="a">mugcro</subfield></datafield><datafield tag="907" ind1=" " ind2=" "><subfield code="a">.b2689855x</subfield></datafield><datafield tag="907" ind1=" " ind2=" "><subfield code="a">.b2689855x</subfield></datafield><datafield tag="975" ind1=" " ind2=" "><subfield code="a">s</subfield></datafield><datafield tag="999" ind1=" " ind2=" "><subfield code="a">elect</subfield><subfield code="b">0</subfield><subfield code="d">m</subfield><subfield code="e">a</subfield><subfield code="f">s</subfield></datafield></record>