<record><leader>00511nam  2200193 a 4500</leader><controlfield tag="001">99180793230001161</controlfield><controlfield tag="005">20140812142346.0</controlfield><controlfield tag="008">121103</controlfield><datafield tag="035" ind1=" " ind2=" "><subfield code="a">MK1CP363</subfield></datafield><datafield tag="100" ind1="1" ind2="2"><subfield code="a">HERTZBERG, JOAN F.</subfield></datafield><datafield tag="245" ind1=" " ind2="0"><subfield code="a">INTERNALIZING POWER DYNAMICS: THE WOUNDS AND THE HEALING.</subfield></datafield><datafield tag="562" ind1=" " ind2=" "><subfield code="a">mugcro</subfield></datafield><datafield tag="856" ind1="4" ind2="0"><subfield code="u">http://digilib.bu.edu/bucr/archive/files/d479eeffdce87ea16f2ab81ef3df6230.PDF</subfield></datafield><datafield tag="902" ind1="2" ind2=" "><subfield code="a">suppressed</subfield></datafield><datafield tag="902" ind1=" " ind2=" "><subfield code="a">mugcro</subfield></datafield><datafield tag="907" ind1=" " ind2=" "><subfield code="a">.b2402014x</subfield></datafield><datafield tag="907" ind1=" " ind2=" "><subfield code="a">.b2402014x</subfield></datafield><datafield tag="975" ind1=" " ind2=" "><subfield code="a">s</subfield></datafield><datafield tag="999" ind1=" " ind2=" "><subfield code="a">elect</subfield><subfield code="b">1</subfield><subfield code="d">m</subfield><subfield code="e">v</subfield><subfield code="f">s</subfield></datafield></record>