<record><leader>00526nam  2200193 a 4500</leader><controlfield tag="001">99180935190001161</controlfield><controlfield tag="005">20150318143031.0</controlfield><controlfield tag="008">121103</controlfield><datafield tag="035" ind1=" " ind2=" "><subfield code="a">MK1CP240</subfield></datafield><datafield tag="100" ind1="1" ind2="2"><subfield code="a">CELANO, MARIANNE.</subfield></datafield><datafield tag="245" ind1=" " ind2="0"><subfield code="a">CULTURALLY COMPETENT FAMILY INTERVENTIONS: REVIEW AND CASE ILLUSTRATIONS.</subfield></datafield><datafield tag="562" ind1=" " ind2=" "><subfield code="a">mugcro</subfield></datafield><datafield tag="856" ind1="4" ind2="0"><subfield code="u">http://digilib.bu.edu/bucr/archive/files/f42821d46a03d5fe375e6191c3ca8a4f.PDF</subfield></datafield><datafield tag="902" ind1="2" ind2=" "><subfield code="a">suppressed</subfield></datafield><datafield tag="902" ind1=" " ind2=" "><subfield code="a">mugcro</subfield></datafield><datafield tag="907" ind1=" " ind2=" "><subfield code="a">.b24957148</subfield></datafield><datafield tag="907" ind1=" " ind2=" "><subfield code="a">.b24957148</subfield></datafield><datafield tag="975" ind1=" " ind2=" "><subfield code="a">s</subfield></datafield><datafield tag="999" ind1=" " ind2=" "><subfield code="a">elect</subfield><subfield code="b">1</subfield><subfield code="d">m</subfield><subfield code="e">v</subfield><subfield code="f">s</subfield></datafield></record>