<record><leader>00523nam  2200193 a 4500</leader><controlfield tag="001">99181282500001161</controlfield><controlfield tag="005">20130813033446.0</controlfield><controlfield tag="008">121103</controlfield><datafield tag="035" ind1=" " ind2=" "><subfield code="a">MK1CP922</subfield></datafield><datafield tag="100" ind1="1" ind2="2"><subfield code="a">DE VRIES, B</subfield><subfield code="q">(BRIAN)</subfield></datafield><datafield tag="245" ind1=" " ind2="4"><subfield code="a">THE STUDY OF GAY AND LESBIAN AGING: LESSONS FOR SOCIAL GERONTOLOGY.</subfield></datafield><datafield tag="562" ind1=" " ind2=" "><subfield code="a">mugcro</subfield></datafield><datafield tag="856" ind1="4" ind2="0"><subfield code="u">http://digilib.bu.edu/bucr/archive/files/2efe59c004048d0d8ab5c6ee720aba8f.PDF</subfield></datafield><datafield tag="902" ind1="2" ind2=" "><subfield code="a">suppressed</subfield></datafield><datafield tag="902" ind1=" " ind2=" "><subfield code="a">mugcro</subfield></datafield><datafield tag="907" ind1=" " ind2=" "><subfield code="a">.b3402475x</subfield></datafield><datafield tag="907" ind1=" " ind2=" "><subfield code="a">.b3402475x</subfield></datafield><datafield tag="975" ind1=" " ind2=" "><subfield code="a">s</subfield></datafield><datafield tag="999" ind1=" " ind2=" "><subfield code="a">elect</subfield><subfield code="b">0</subfield><subfield code="d">m</subfield><subfield code="e">v</subfield><subfield code="f">s</subfield></datafield></record>