<record><leader>00496nam  2200181 a 4500</leader><controlfield tag="001">99182429640001161</controlfield><controlfield tag="005">20140814135853.0</controlfield><controlfield tag="008">121103</controlfield><datafield tag="100" ind1="1" ind2="2"><subfield code="a">BIRNBAUM, MARTIN L.</subfield></datafield><datafield tag="245" ind1=" " ind2="4"><subfield code="a">THE POWER OF PURPOSEFUL SESSIONAL ENDINGS IN EACH GROUP ENCOUNTER.</subfield></datafield><datafield tag="562" ind1=" " ind2=" "><subfield code="a">mugcro</subfield></datafield><datafield tag="856" ind1="4" ind2="0"><subfield code="u">http://digilib.bu.edu/bucr/archive/files/c07c64110a01a7f6364cd34e8c8c7a34.PDF</subfield></datafield><datafield tag="902" ind1="2" ind2=" "><subfield code="a">suppressed</subfield></datafield><datafield tag="902" ind1=" " ind2=" "><subfield code="a">mugcro</subfield></datafield><datafield tag="907" ind1=" " ind2=" "><subfield code="a">.b23980060</subfield></datafield><datafield tag="907" ind1=" " ind2=" "><subfield code="a">.b23980060</subfield></datafield><datafield tag="975" ind1=" " ind2=" "><subfield code="a">s</subfield></datafield><datafield tag="999" ind1=" " ind2=" "><subfield code="a">elect</subfield><subfield code="b">1</subfield><subfield code="d">m</subfield><subfield code="e">a</subfield><subfield code="f">s</subfield></datafield></record>