<record><leader>00514nam  2200205 a 4500</leader><controlfield tag="001">99180920420001161</controlfield><controlfield tag="005">20150311104515.0</controlfield><controlfield tag="008">121103</controlfield><datafield tag="035" ind1=" " ind2=" "><subfield code="a">MK1SR159</subfield></datafield><datafield tag="100" ind1="1" ind2="2"><subfield code="a">BROWN, LYN MIKEL, 1956-</subfield></datafield><datafield tag="245" ind1=" " ind2="0"><subfield code="a">READING FOR SELF AND MORAL VOICE.</subfield></datafield><datafield tag="260" ind1="1" ind2=" "><subfield code="a">2007.</subfield></datafield><datafield tag="562" ind1=" " ind2=" "><subfield code="a">mugcro</subfield></datafield><datafield tag="856" ind1="4" ind2="0"><subfield code="u">http://digilib.bu.edu/bucr/archive/files/988ae1e7673314005171649cae08c9a1.PDF</subfield></datafield><datafield tag="902" ind1="2" ind2=" "><subfield code="a">suppressed</subfield></datafield><datafield tag="902" ind1=" " ind2=" "><subfield code="a">mugcro</subfield></datafield><datafield tag="907" ind1=" " ind2=" "><subfield code="a">.b27124708</subfield></datafield><datafield tag="907" ind1=" " ind2=" "><subfield code="a">.b27124708</subfield></datafield><datafield tag="975" ind1=" " ind2=" "><subfield code="a">s</subfield></datafield><datafield tag="999" ind1=" " ind2=" "><subfield code="a">elect</subfield><subfield code="b">0</subfield><subfield code="d">m</subfield><subfield code="e">v</subfield><subfield code="f">s</subfield></datafield></record>