<record><leader>00570nam  2200205 a 4500</leader><controlfield tag="001">99181855050001161</controlfield><controlfield tag="005">20130812215616.0</controlfield><controlfield tag="008">121103</controlfield><datafield tag="035" ind1=" " ind2=" "><subfield code="a">MK1SR163</subfield></datafield><datafield tag="100" ind1="1" ind2="2"><subfield code="a">ABEL, EILEEN MAZUR.</subfield></datafield><datafield tag="245" ind1=" " ind2="0"><subfield code="a">PRELIMINARY EVALUATION OF AN ABSTINENCE-ORIENTED EMPOWERMENT PROGRAM FOR PUBLIC SCHOOL YOUTH.</subfield></datafield><datafield tag="260" ind1="1" ind2=" "><subfield code="a">2009.</subfield></datafield><datafield tag="562" ind1=" " ind2=" "><subfield code="a">mugcro</subfield></datafield><datafield tag="856" ind1="4" ind2="0"><subfield code="u">http://digilib.bu.edu/bucr/archive/files/7ad096ab58f078b43546e5e1e610a8b6.PDF</subfield></datafield><datafield tag="902" ind1="2" ind2=" "><subfield code="a">suppressed</subfield></datafield><datafield tag="902" ind1=" " ind2=" "><subfield code="a">mugcro</subfield></datafield><datafield tag="907" ind1=" " ind2=" "><subfield code="a">.b32696309</subfield></datafield><datafield tag="907" ind1=" " ind2=" "><subfield code="a">.b32696309</subfield></datafield><datafield tag="975" ind1=" " ind2=" "><subfield code="a">s</subfield></datafield><datafield tag="999" ind1=" " ind2=" "><subfield code="a">elect</subfield><subfield code="b">0</subfield><subfield code="d">m</subfield><subfield code="e">v</subfield><subfield code="f">s</subfield></datafield></record>