<record><leader>00584nam  2200217 a 4500</leader><controlfield tag="001">99184455420001161</controlfield><controlfield tag="005">20130731185934.0</controlfield><controlfield tag="008">121103</controlfield><datafield tag="035" ind1=" " ind2=" "><subfield code="a">MK1CP166</subfield></datafield><datafield tag="100" ind1="1" ind2="2"><subfield code="a">KURLAND, ROSELLE.</subfield></datafield><datafield tag="100" ind1="1" ind2="2"><subfield code="a">SALMON, ROBERT, 1930-</subfield></datafield><datafield tag="245" ind1=" " ind2="0"><subfield code="a">NOT JUST ONE OF THE GANG: GROUP WORKERS AND THEIR ROLE AS AN AUTHORITY.</subfield></datafield><datafield tag="260" ind1="1" ind2=" "><subfield code="a">2006.</subfield></datafield><datafield tag="562" ind1=" " ind2=" "><subfield code="a">mugcro</subfield></datafield><datafield tag="856" ind1="4" ind2="0"><subfield code="u">http://digilib.bu.edu/bucr/archive/files/c2845d043c4ef6cd3ffa86616eee9471.PDF</subfield></datafield><datafield tag="902" ind1="2" ind2=" "><subfield code="a">suppressed</subfield></datafield><datafield tag="902" ind1=" " ind2=" "><subfield code="a">mugcro</subfield></datafield><datafield tag="907" ind1=" " ind2=" "><subfield code="a">.b26837638</subfield></datafield><datafield tag="907" ind1=" " ind2=" "><subfield code="a">.b26837638</subfield></datafield><datafield tag="975" ind1=" " ind2=" "><subfield code="a">s</subfield></datafield><datafield tag="999" ind1=" " ind2=" "><subfield code="a">elect</subfield><subfield code="b">0</subfield><subfield code="d">m</subfield><subfield code="e">v</subfield><subfield code="f">s</subfield></datafield></record>