<record><leader>00536nam  2200205 a 4500</leader><controlfield tag="001">99184469100001161</controlfield><controlfield tag="005">20130813020423.0</controlfield><controlfield tag="008">121103</controlfield><datafield tag="035" ind1=" " ind2=" "><subfield code="a">MK1CP199</subfield></datafield><datafield tag="100" ind1="1" ind2="2"><subfield code="a">Dixon, Samuel L.,</subfield><subfield code="d">1934-</subfield></datafield><datafield tag="245" ind1=" " ind2="0"><subfield code="a">WORKING WITH PEOPLE IN CRISIS: CH.1 CONCEPT OF CRISIS.</subfield></datafield><datafield tag="260" ind1="1" ind2=" "><subfield code="a">2006.</subfield></datafield><datafield tag="562" ind1=" " ind2=" "><subfield code="a">mugcro</subfield></datafield><datafield tag="856" ind1="4" ind2="0"><subfield code="u">http://digilib.bu.edu/bucr/archive/files/12d6e3181b0f478ab58bd2bd5f0c5a68.PDF</subfield></datafield><datafield tag="902" ind1="2" ind2=" "><subfield code="a">suppressed</subfield></datafield><datafield tag="902" ind1=" " ind2=" "><subfield code="a">mugcro</subfield></datafield><datafield tag="907" ind1=" " ind2=" "><subfield code="a">.b26842750</subfield></datafield><datafield tag="907" ind1=" " ind2=" "><subfield code="a">.b26842750</subfield></datafield><datafield tag="975" ind1=" " ind2=" "><subfield code="a">s</subfield></datafield><datafield tag="999" ind1=" " ind2=" "><subfield code="a">elect</subfield><subfield code="b">0</subfield><subfield code="d">m</subfield><subfield code="e">v</subfield><subfield code="f">s</subfield></datafield></record>