<record><leader>00564nam  2200205 a 4500</leader><controlfield tag="001">99184472950001161</controlfield><controlfield tag="005">20150313151735.0</controlfield><controlfield tag="008">121103</controlfield><datafield tag="035" ind1=" " ind2=" "><subfield code="a">MK1CP156</subfield></datafield><datafield tag="100" ind1="1" ind2="2"><subfield code="a">ASSOCIATION FOR THE ADVANCEMENT OF SOCIAL WORK WITH GROUPS.</subfield></datafield><datafield tag="245" ind1=" " ind2="0"><subfield code="a">STANDARDS FOR SOCIAL WORK PRACTICE WITH GROUPS.</subfield></datafield><datafield tag="260" ind1="1" ind2=" "><subfield code="a">2006.</subfield></datafield><datafield tag="562" ind1=" " ind2=" "><subfield code="a">mugcro</subfield></datafield><datafield tag="856" ind1="4" ind2="0"><subfield code="u">http://digilib.bu.edu/bucr/archive/files/c170577f1cb20727eecad45ec8054191.PDF</subfield></datafield><datafield tag="902" ind1="2" ind2=" "><subfield code="a">suppressed</subfield></datafield><datafield tag="902" ind1=" " ind2=" "><subfield code="a">mugcro</subfield></datafield><datafield tag="907" ind1=" " ind2=" "><subfield code="a">.b2683733x</subfield></datafield><datafield tag="907" ind1=" " ind2=" "><subfield code="a">.b2683733x</subfield></datafield><datafield tag="975" ind1=" " ind2=" "><subfield code="a">s</subfield></datafield><datafield tag="999" ind1=" " ind2=" "><subfield code="a">elect</subfield><subfield code="b">0</subfield><subfield code="d">m</subfield><subfield code="e">v</subfield><subfield code="f">s</subfield></datafield></record>