<record><leader>00523nam  2200205 a 4500</leader><controlfield tag="001">99183914200001161</controlfield><controlfield tag="005">20140813153259.0</controlfield><controlfield tag="008">121103</controlfield><datafield tag="035" ind1=" " ind2=" "><subfield code="a">MK1MP142</subfield></datafield><datafield tag="100" ind1="1" ind2="2"><subfield code="a">DALEY, JOHN MICHAEL.</subfield></datafield><datafield tag="245" ind1=" " ind2="3"><subfield code="a">AN ACTION GUIDE TO NONPROFIT BOARD DIVERSITY.</subfield></datafield><datafield tag="260" ind1="1" ind2=" "><subfield code="a">2006.</subfield></datafield><datafield tag="562" ind1=" " ind2=" "><subfield code="a">mugcro</subfield></datafield><datafield tag="856" ind1="4" ind2="0"><subfield code="u">http://digilib.bu.edu/bucr/archive/files/e128af4d1e020ce2a48d0b4cf5d6c48e.PDF</subfield></datafield><datafield tag="902" ind1="2" ind2=" "><subfield code="a">suppressed</subfield></datafield><datafield tag="902" ind1=" " ind2=" "><subfield code="a">mugcro</subfield></datafield><datafield tag="907" ind1=" " ind2=" "><subfield code="a">.b27024854</subfield></datafield><datafield tag="907" ind1=" " ind2=" "><subfield code="a">.b27024854</subfield></datafield><datafield tag="975" ind1=" " ind2=" "><subfield code="a">s</subfield></datafield><datafield tag="999" ind1=" " ind2=" "><subfield code="a">elect</subfield><subfield code="b">0</subfield><subfield code="d">m</subfield><subfield code="e">v</subfield><subfield code="f">s</subfield></datafield></record>