<record><leader>00521nam  2200205 a 4500</leader><controlfield tag="001">99184252210001161</controlfield><controlfield tag="005">20150313151013.0</controlfield><controlfield tag="008">121103</controlfield><datafield tag="035" ind1=" " ind2=" "><subfield code="a">MK1CP486</subfield></datafield><datafield tag="100" ind1="1" ind2="2"><subfield code="a">Steinberg, David M.</subfield></datafield><datafield tag="245" ind1=" " ind2="4"><subfield code="a">THE ROLE OF CONFLICT IN A MUTUAL-AID SYSTEM.</subfield></datafield><datafield tag="260" ind1="1" ind2=" "><subfield code="a">1999.</subfield></datafield><datafield tag="562" ind1=" " ind2=" "><subfield code="a">mugcro</subfield></datafield><datafield tag="856" ind1="4" ind2="0"><subfield code="u">http://digilib.bu.edu/bucr/archive/files/fd9549c3a2ebd8489a34b1cf672ddc71.PDF</subfield></datafield><datafield tag="902" ind1="2" ind2=" "><subfield code="a">suppressed</subfield></datafield><datafield tag="902" ind1=" " ind2=" "><subfield code="a">mugcro</subfield></datafield><datafield tag="907" ind1=" " ind2=" "><subfield code="a">.b2251983x</subfield></datafield><datafield tag="907" ind1=" " ind2=" "><subfield code="a">.b2251983x</subfield></datafield><datafield tag="975" ind1=" " ind2=" "><subfield code="a">s</subfield></datafield><datafield tag="999" ind1=" " ind2=" "><subfield code="a">elect</subfield><subfield code="b">1</subfield><subfield code="d">m</subfield><subfield code="e">a</subfield><subfield code="f">s</subfield></datafield></record>