<record><leader>00498nam  2200205 a 4500</leader><controlfield tag="001">99184263970001161</controlfield><controlfield tag="005">20150312130558.0</controlfield><controlfield tag="008">121103</controlfield><datafield tag="035" ind1=" " ind2=" "><subfield code="a">MK1CP408</subfield></datafield><datafield tag="100" ind1="1" ind2="2"><subfield code="a">White, Michael.</subfield></datafield><datafield tag="245" ind1=" " ind2="0"><subfield code="a">DISCUSSION OF SEPARATION.</subfield></datafield><datafield tag="260" ind1="1" ind2=" "><subfield code="a">1999.</subfield></datafield><datafield tag="562" ind1=" " ind2=" "><subfield code="a">mugcro</subfield></datafield><datafield tag="856" ind1="4" ind2="0"><subfield code="u">http://digilib.bu.edu/bucr/archive/files/b45db57fdd5b5713fb8b1b1b0f7dd94d.PDF</subfield></datafield><datafield tag="902" ind1="2" ind2=" "><subfield code="a">suppressed</subfield></datafield><datafield tag="902" ind1=" " ind2=" "><subfield code="a">mugcro</subfield></datafield><datafield tag="907" ind1=" " ind2=" "><subfield code="a">.b22519841</subfield></datafield><datafield tag="907" ind1=" " ind2=" "><subfield code="a">.b22519841</subfield></datafield><datafield tag="975" ind1=" " ind2=" "><subfield code="a">s</subfield></datafield><datafield tag="999" ind1=" " ind2=" "><subfield code="a">elect</subfield><subfield code="b">1</subfield><subfield code="d">m</subfield><subfield code="e">a</subfield><subfield code="f">s</subfield></datafield></record>