<record><leader>00498nam  2200205 a 4500</leader><controlfield tag="001">99184277680001161</controlfield><controlfield tag="005">20150312153450.0</controlfield><controlfield tag="008">121103</controlfield><datafield tag="035" ind1=" " ind2=" "><subfield code="a">MK1CP396</subfield></datafield><datafield tag="100" ind1=" " ind2=" "><subfield code="a">Freeman, Jennifer C.</subfield></datafield><datafield tag="245" ind1=" " ind2="0"><subfield code="a">PUBLISHING THE NEWS.</subfield></datafield><datafield tag="260" ind1="1" ind2=" "><subfield code="a">1999.</subfield></datafield><datafield tag="562" ind1=" " ind2=" "><subfield code="a">mugcro</subfield></datafield><datafield tag="856" ind1="4" ind2="0"><subfield code="u">http://digilib.bu.edu/bucr/archive/files/4928614fcfe2c7aad169658dc54ad0cd.PDF</subfield></datafield><datafield tag="902" ind1="2" ind2=" "><subfield code="a">suppressed</subfield></datafield><datafield tag="902" ind1=" " ind2=" "><subfield code="a">mugcro</subfield></datafield><datafield tag="907" ind1=" " ind2=" "><subfield code="a">.b22519683</subfield></datafield><datafield tag="907" ind1=" " ind2=" "><subfield code="a">.b22519683</subfield></datafield><datafield tag="975" ind1=" " ind2=" "><subfield code="a">s</subfield></datafield><datafield tag="999" ind1=" " ind2=" "><subfield code="a">elect</subfield><subfield code="b">1</subfield><subfield code="d">m</subfield><subfield code="e">a</subfield><subfield code="f">s</subfield></datafield></record>