<record><leader>00517nam  2200193 a 4500</leader><controlfield tag="001">99189744350001161</controlfield><controlfield tag="005">20130813035226.0</controlfield><controlfield tag="008">121103</controlfield><datafield tag="035" ind1=" " ind2=" "><subfield code="a">MK1HB1056</subfield></datafield><datafield tag="049" ind1=" " ind2=" "><subfield code="a">BOTN</subfield></datafield><datafield tag="100" ind1="1" ind2="2"><subfield code="a">STIEGLITZ, KIMBERLY A.</subfield></datafield><datafield tag="245" ind1=" " ind2="0"><subfield code="a">DEVELOPMENT, RISK, AND RESILIENCE OF TRANSGENDER YOUTH.</subfield></datafield><datafield tag="562" ind1=" " ind2=" "><subfield code="a">mugcro</subfield></datafield><datafield tag="856" ind1="4" ind2="0"><subfield code="u">http://digilib.bu.edu/bucr/archive/files/974d4b1d6882ab07895ca922be11717c.PDF</subfield></datafield><datafield tag="902" ind1="2" ind2=" "><subfield code="a">suppressed</subfield></datafield><datafield tag="902" ind1=" " ind2=" "><subfield code="a">mugcro</subfield></datafield><datafield tag="907" ind1=" " ind2=" "><subfield code="a">.b38887083</subfield></datafield><datafield tag="907" ind1=" " ind2=" "><subfield code="a">.b38887083</subfield></datafield><datafield tag="999" ind1=" " ind2=" "><subfield code="a">multi</subfield><subfield code="b">0</subfield><subfield code="d">m</subfield><subfield code="e">v</subfield><subfield code="f">s</subfield></datafield></record>