<record><leader>00505nam  2200193 a 4500</leader><controlfield tag="001">99189752270001161</controlfield><controlfield tag="005">20130812224219.0</controlfield><controlfield tag="008">121103</controlfield><datafield tag="035" ind1=" " ind2=" "><subfield code="a">MK1HB1055</subfield></datafield><datafield tag="049" ind1=" " ind2=" "><subfield code="a">BOTN</subfield></datafield><datafield tag="100" ind1="1" ind2="2"><subfield code="a">PHILLIPS, DEBORAH A.</subfield></datafield><datafield tag="245" ind1=" " ind2="0"><subfield code="a">EARLY CARE, EDUCATION, AND CHILD DEVELOPMENT.</subfield></datafield><datafield tag="562" ind1=" " ind2=" "><subfield code="a">mugcro</subfield></datafield><datafield tag="856" ind1="4" ind2="0"><subfield code="u">http://digilib.bu.edu/bucr/archive/files/385ba6db2c00615f07a68bf694aeadc9.PDF</subfield></datafield><datafield tag="902" ind1="2" ind2=" "><subfield code="a">suppressed</subfield></datafield><datafield tag="902" ind1=" " ind2=" "><subfield code="a">mugcro</subfield></datafield><datafield tag="907" ind1=" " ind2=" "><subfield code="a">.b38887071</subfield></datafield><datafield tag="907" ind1=" " ind2=" "><subfield code="a">.b38887071</subfield></datafield><datafield tag="999" ind1=" " ind2=" "><subfield code="a">multi</subfield><subfield code="b">0</subfield><subfield code="d">m</subfield><subfield code="e">v</subfield><subfield code="f">s</subfield></datafield></record>