<record><leader>00522nam  2200193 a 4500</leader><controlfield tag="001">99189774180001161</controlfield><controlfield tag="005">20130812212700.0</controlfield><controlfield tag="008">121103</controlfield><datafield tag="035" ind1=" " ind2=" "><subfield code="a">MK1HB1059</subfield></datafield><datafield tag="049" ind1=" " ind2=" "><subfield code="a">BOTN</subfield></datafield><datafield tag="100" ind1="1" ind2="2"><subfield code="a">COURTNEY, MARK E.</subfield></datafield><datafield tag="245" ind1=" " ind2="4"><subfield code="a">THE DIFFICULT TRANSITION TO ADULTHOOD FOR FOSTER YOUTH IN THE US.</subfield></datafield><datafield tag="562" ind1=" " ind2=" "><subfield code="a">mugcro</subfield></datafield><datafield tag="856" ind1="4" ind2="0"><subfield code="u">http://digilib.bu.edu/bucr/archive/files/7248ab284d62a65367cdeab0b26fd619.PDF</subfield></datafield><datafield tag="902" ind1="2" ind2=" "><subfield code="a">suppressed</subfield></datafield><datafield tag="902" ind1=" " ind2=" "><subfield code="a">mugcro</subfield></datafield><datafield tag="907" ind1=" " ind2=" "><subfield code="a">.b38887113</subfield></datafield><datafield tag="907" ind1=" " ind2=" "><subfield code="a">.b38887113</subfield></datafield><datafield tag="999" ind1=" " ind2=" "><subfield code="a">multi</subfield><subfield code="b">0</subfield><subfield code="d">m</subfield><subfield code="e">v</subfield><subfield code="f">s</subfield></datafield></record>