<record><leader>00492nam  2200193 a 4500</leader><controlfield tag="001">99189915100001161</controlfield><controlfield tag="005">20150313151207.0</controlfield><controlfield tag="008">121103</controlfield><datafield tag="035" ind1=" " ind2=" "><subfield code="a">MK1CP431</subfield></datafield><datafield tag="100" ind1="1" ind2="2"><subfield code="a">Schwartz, William,</subfield><subfield code="d">1916-</subfield></datafield><datafield tag="245" ind1=" " ind2="4"><subfield code="a">THE SOCIAL WORKER IN THE GROUP.</subfield></datafield><datafield tag="562" ind1=" " ind2=" "><subfield code="a">mugcro</subfield></datafield><datafield tag="856" ind1="4" ind2="0"><subfield code="u">http://digilib.bu.edu/bucr/archive/files/b0ec6c72ba5c983ee9ad2d7d9d773ff4.PDF</subfield></datafield><datafield tag="902" ind1="2" ind2=" "><subfield code="a">suppressed</subfield></datafield><datafield tag="902" ind1=" " ind2=" "><subfield code="a">mugcro</subfield></datafield><datafield tag="907" ind1=" " ind2=" "><subfield code="a">.b20358891</subfield></datafield><datafield tag="907" ind1=" " ind2=" "><subfield code="a">.b20358891</subfield></datafield><datafield tag="975" ind1=" " ind2=" "><subfield code="a">s</subfield></datafield><datafield tag="999" ind1=" " ind2=" "><subfield code="a">elect</subfield><subfield code="b">1</subfield><subfield code="d">m</subfield><subfield code="e">a</subfield><subfield code="f">s</subfield></datafield></record>