<record><leader>00545nam  2200193 a 4500</leader><controlfield tag="001">99189764580001161</controlfield><controlfield tag="005">20130812212931.0</controlfield><controlfield tag="008">121103</controlfield><datafield tag="035" ind1=" " ind2=" "><subfield code="a">MK1HB1050</subfield></datafield><datafield tag="049" ind1=" " ind2=" "><subfield code="a">BOTN</subfield></datafield><datafield tag="100" ind1="1" ind2="2"><subfield code="a">SHONKOFF, JACK P.</subfield></datafield><datafield tag="245" ind1=" " ind2="0"><subfield code="a">BUILDING A NEW BIODEVELOPMENTAL FRAMEWORK TO GUIDE THE FUTURE OF EARLY CHILDHOOD POLICY.</subfield></datafield><datafield tag="562" ind1=" " ind2=" "><subfield code="a">mugcro</subfield></datafield><datafield tag="856" ind1="4" ind2="0"><subfield code="u">http://digilib.bu.edu/bucr/archive/files/acfdb66e7511f147d1086a6e182bc434.PDF</subfield></datafield><datafield tag="902" ind1="2" ind2=" "><subfield code="a">suppressed</subfield></datafield><datafield tag="902" ind1=" " ind2=" "><subfield code="a">mugcro</subfield></datafield><datafield tag="907" ind1=" " ind2=" "><subfield code="a">.b38887010</subfield></datafield><datafield tag="907" ind1=" " ind2=" "><subfield code="a">.b38887010</subfield></datafield><datafield tag="999" ind1=" " ind2=" "><subfield code="a">multi</subfield><subfield code="b">0</subfield><subfield code="d">m</subfield><subfield code="e">v</subfield><subfield code="f">s</subfield></datafield></record>