<record><leader>00508nam  2200193 a 4500</leader><controlfield tag="001">99190124660001161</controlfield><controlfield tag="005">20130813012827.0</controlfield><controlfield tag="008">121103</controlfield><datafield tag="035" ind1=" " ind2=" "><subfield code="a">MK1CP206</subfield></datafield><datafield tag="100" ind1=" " ind2=" "><subfield code="a">Budman, Simon H.</subfield></datafield><datafield tag="245" ind1=" " ind2="0"><subfield code="a">COMMON FOCI IN BRIEF THERAPY AND SOME BASIC ASSUMPTIONS.</subfield></datafield><datafield tag="562" ind1=" " ind2=" "><subfield code="a">mugcro</subfield></datafield><datafield tag="856" ind1="4" ind2="0"><subfield code="u">http://digilib.bu.edu/bucr/archive/files/dc753f1e8cc1916c3ed9883003f080b0.PDF</subfield></datafield><datafield tag="902" ind1="2" ind2=" "><subfield code="a">suppressed</subfield></datafield><datafield tag="902" ind1=" " ind2=" "><subfield code="a">mugcro</subfield></datafield><datafield tag="907" ind1=" " ind2=" "><subfield code="a">.b21511846</subfield></datafield><datafield tag="907" ind1=" " ind2=" "><subfield code="a">.b21511846</subfield></datafield><datafield tag="975" ind1=" " ind2=" "><subfield code="a">s</subfield></datafield><datafield tag="999" ind1=" " ind2=" "><subfield code="a">elect</subfield><subfield code="b">1</subfield><subfield code="d">m</subfield><subfield code="e">v</subfield><subfield code="f">s</subfield></datafield></record>