<record><leader>00554nam  2200193 a 4500</leader><controlfield tag="001">99189772210001161</controlfield><controlfield tag="005">20130812215439.0</controlfield><controlfield tag="008">121103</controlfield><datafield tag="035" ind1=" " ind2=" "><subfield code="a">MK1HB1063</subfield></datafield><datafield tag="049" ind1=" " ind2=" "><subfield code="a">BOTN</subfield></datafield><datafield tag="100" ind1="1" ind2="2"><subfield code="a">ELIASON, MICHELE J.</subfield></datafield><datafield tag="245" ind1=" " ind2="0"><subfield code="a">SHIFTING SANDS OR SOLID FOUNDATION? LESBIAN, GAY, BISEXUAL, AND TRANSGENDER IDENTITY FORMATION.</subfield></datafield><datafield tag="562" ind1=" " ind2=" "><subfield code="a">mugcro</subfield></datafield><datafield tag="856" ind1="4" ind2="0"><subfield code="u">http://digilib.bu.edu/bucr/archive/files/6332b83a619b26cbbbfe8bc7e32850b9.PDF</subfield></datafield><datafield tag="902" ind1="2" ind2=" "><subfield code="a">suppressed</subfield></datafield><datafield tag="902" ind1=" " ind2=" "><subfield code="a">mugcro</subfield></datafield><datafield tag="907" ind1=" " ind2=" "><subfield code="a">.b38887320</subfield></datafield><datafield tag="907" ind1=" " ind2=" "><subfield code="a">.b38887320</subfield></datafield><datafield tag="999" ind1=" " ind2=" "><subfield code="a">multi</subfield><subfield code="b">0</subfield><subfield code="d">m</subfield><subfield code="e">v</subfield><subfield code="f">s</subfield></datafield></record>