<record><leader>00525nam  2200193 a 4500</leader><controlfield tag="001">99190071470001161</controlfield><controlfield tag="005">20130812235950.0</controlfield><controlfield tag="008">121103</controlfield><datafield tag="035" ind1=" " ind2=" "><subfield code="a">MK1CP208</subfield></datafield><datafield tag="100" ind1=" " ind2=" "><subfield code="a">Berg, Insoo Kim.</subfield></datafield><datafield tag="245" ind1=" " ind2="0"><subfield code="a">NEGOTIATING AND COOPERATING: GOALS AND THE CLIENT-THERAPIST RELATIONSHIP.</subfield></datafield><datafield tag="562" ind1=" " ind2=" "><subfield code="a">mugcro</subfield></datafield><datafield tag="856" ind1="4" ind2="0"><subfield code="u">http://digilib.bu.edu/bucr/archive/files/ac035b44eaaa058c70931e0e719da45e.PDF</subfield></datafield><datafield tag="902" ind1="2" ind2=" "><subfield code="a">suppressed</subfield></datafield><datafield tag="902" ind1=" " ind2=" "><subfield code="a">mugcro</subfield></datafield><datafield tag="907" ind1=" " ind2=" "><subfield code="a">.b21511779</subfield></datafield><datafield tag="907" ind1=" " ind2=" "><subfield code="a">.b21511779</subfield></datafield><datafield tag="975" ind1=" " ind2=" "><subfield code="a">s</subfield></datafield><datafield tag="999" ind1=" " ind2=" "><subfield code="a">elect</subfield><subfield code="b">1</subfield><subfield code="d">m</subfield><subfield code="e">v</subfield><subfield code="f">s</subfield></datafield></record>