<record><leader>00525nam  2200193 a 4500</leader><controlfield tag="001">99189750840001161</controlfield><controlfield tag="005">20130813015402.0</controlfield><controlfield tag="008">121103</controlfield><datafield tag="035" ind1=" " ind2=" "><subfield code="a">MK1HB1052</subfield></datafield><datafield tag="049" ind1=" " ind2=" "><subfield code="a">BOTN</subfield></datafield><datafield tag="100" ind1="1" ind2="2"><subfield code="a">ENGLE, PATRICE L.</subfield></datafield><datafield tag="245" ind1=" " ind2="4"><subfield code="a">THE EFFECT OF POVERTY ON CHILD DEVELOPMENT AND EDUCATIONAL OUTCOMES.</subfield></datafield><datafield tag="562" ind1=" " ind2=" "><subfield code="a">mugcro</subfield></datafield><datafield tag="856" ind1="4" ind2="0"><subfield code="u">http://digilib.bu.edu/bucr/archive/files/6d83dadf242cbba791d171089a3bafc6.PDF</subfield></datafield><datafield tag="902" ind1="2" ind2=" "><subfield code="a">suppressed</subfield></datafield><datafield tag="902" ind1=" " ind2=" "><subfield code="a">mugcro</subfield></datafield><datafield tag="907" ind1=" " ind2=" "><subfield code="a">.b38887034</subfield></datafield><datafield tag="907" ind1=" " ind2=" "><subfield code="a">.b38887034</subfield></datafield><datafield tag="999" ind1=" " ind2=" "><subfield code="a">multi</subfield><subfield code="b">0</subfield><subfield code="d">m</subfield><subfield code="e">v</subfield><subfield code="f">s</subfield></datafield></record>