<record><leader>00663nam  2200205 a 4500</leader><controlfield tag="001">99184495120001161</controlfield><controlfield tag="005">20150313150937.0</controlfield><controlfield tag="008">121103</controlfield><datafield tag="035" ind1=" " ind2=" "><subfield code="a">MK1CP158</subfield></datafield><datafield tag="100" ind1="1" ind2="2"><subfield code="a">BRAVE HEART-JORDAN, MARIA YELLOW HORSE.</subfield></datafield><datafield tag="245" ind1=" " ind2="4"><subfield code="a">THE RETURN TO THE SACRED PATH: HEALING THE HISTORICAL TRAUMA AND HISTORICAL UNRESOLVED GRIEF RESPONSE AMONG THE LAKOTA THROUGH A PSYCHOEDUCATIONAL GROUP INTERVENTION.</subfield></datafield><datafield tag="260" ind1="1" ind2=" "><subfield code="a">2006.</subfield></datafield><datafield tag="562" ind1=" " ind2=" "><subfield code="a">mugcro</subfield></datafield><datafield tag="856" ind1="4" ind2="0"><subfield code="u">http://digilib.bu.edu/bucr/archive/files/082a51f0777b367915d43235c74806e6.PDF</subfield></datafield><datafield tag="902" ind1="2" ind2=" "><subfield code="a">suppressed</subfield></datafield><datafield tag="902" ind1=" " ind2=" "><subfield code="a">mugcro</subfield></datafield><datafield tag="907" ind1=" " ind2=" "><subfield code="a">.b26837389</subfield></datafield><datafield tag="907" ind1=" " ind2=" "><subfield code="a">.b26837389</subfield></datafield><datafield tag="975" ind1=" " ind2=" "><subfield code="a">s</subfield></datafield><datafield tag="999" ind1=" " ind2=" "><subfield code="a">elect</subfield><subfield code="b">0</subfield><subfield code="d">m</subfield><subfield code="e">v</subfield><subfield code="f">s</subfield></datafield></record>