<record><leader>00555nam  2200205 a 4500</leader><controlfield tag="001">99184665730001161</controlfield><controlfield tag="005">20140813151203.0</controlfield><controlfield tag="008">121103</controlfield><datafield tag="035" ind1=" " ind2=" "><subfield code="a">MK1CP116</subfield></datafield><datafield tag="100" ind1="1" ind2="2"><subfield code="a">MOCK, MATTHEW R.</subfield></datafield><datafield tag="245" ind1=" " ind2="0"><subfield code="a">CLINICAL REFLECTIONS ON REFUGEE FAMILIES: TRANSFORMING CRISES INTO OPPORTUNITIES.</subfield></datafield><datafield tag="260" ind1="1" ind2=" "><subfield code="a">2006.</subfield></datafield><datafield tag="562" ind1=" " ind2=" "><subfield code="a">mugcro</subfield></datafield><datafield tag="856" ind1="4" ind2="0"><subfield code="u">http://digilib.bu.edu/bucr/archive/files/f2b248010cbd7c4e93fe277429d4bbf3.PDF</subfield></datafield><datafield tag="902" ind1="2" ind2=" "><subfield code="a">suppressed</subfield></datafield><datafield tag="902" ind1=" " ind2=" "><subfield code="a">mugcro</subfield></datafield><datafield tag="907" ind1=" " ind2=" "><subfield code="a">.b26791262</subfield></datafield><datafield tag="907" ind1=" " ind2=" "><subfield code="a">.b26791262</subfield></datafield><datafield tag="975" ind1=" " ind2=" "><subfield code="a">s</subfield></datafield><datafield tag="999" ind1=" " ind2=" "><subfield code="a">elect</subfield><subfield code="b">0</subfield><subfield code="d">m</subfield><subfield code="e">v</subfield><subfield code="f">s</subfield></datafield></record>