<record><leader>00530nam  2200193 a 4500</leader><controlfield tag="001">99186996980001161</controlfield><controlfield tag="005">20140814144539.0</controlfield><controlfield tag="008">121103</controlfield><datafield tag="035" ind1=" " ind2=" "><subfield code="a">MK1CP878</subfield></datafield><datafield tag="100" ind1="1" ind2="2"><subfield code="a">Marlatt, G. Alan.</subfield></datafield><datafield tag="245" ind1=" " ind2="0"><subfield code="a">INTEGRATING HARM REDUCTION THERAPY AND TRADITIONAL SUBSTANCE ABUSE TREATMENT.</subfield></datafield><datafield tag="562" ind1=" " ind2=" "><subfield code="a">mugcro</subfield></datafield><datafield tag="856" ind1="4" ind2="0"><subfield code="u">http://digilib.bu.edu/bucr/archive/files/5186af5eeb5b7483bd419b21643f94bc.PDF</subfield></datafield><datafield tag="902" ind1="2" ind2=" "><subfield code="a">suppressed</subfield></datafield><datafield tag="902" ind1=" " ind2=" "><subfield code="a">mugcro</subfield></datafield><datafield tag="907" ind1=" " ind2=" "><subfield code="a">.b3346974x</subfield></datafield><datafield tag="907" ind1=" " ind2=" "><subfield code="a">.b3346974x</subfield></datafield><datafield tag="975" ind1=" " ind2=" "><subfield code="a">s</subfield></datafield><datafield tag="999" ind1=" " ind2=" "><subfield code="a">elect</subfield><subfield code="b">0</subfield><subfield code="d">m</subfield><subfield code="e">v</subfield><subfield code="f">s</subfield></datafield></record>