<record><leader>00537nam  2200193 a 4500</leader><controlfield tag="001">99186284000001161</controlfield><controlfield tag="005">20130812221130.0</controlfield><controlfield tag="008">121103</controlfield><datafield tag="035" ind1=" " ind2=" "><subfield code="a">MK1HB241</subfield></datafield><datafield tag="100" ind1="1" ind2="2"><subfield code="a">VAN DER KOLK, BESSEL A, 1943-</subfield></datafield><datafield tag="245" ind1=" " ind2="4"><subfield code="a">THE PSYCHOLOGICAL CONSEQUENCES OF OVERWHELMING LIFE EXPERIENCES.</subfield></datafield><datafield tag="562" ind1=" " ind2=" "><subfield code="a">mugcro</subfield></datafield><datafield tag="856" ind1="4" ind2="0"><subfield code="u">http://digilib.bu.edu/bucr/archive/files/3fe1ed9c1088a0ac86306c96b2d02b0a.PDF</subfield></datafield><datafield tag="902" ind1="2" ind2=" "><subfield code="a">suppressed</subfield></datafield><datafield tag="902" ind1=" " ind2=" "><subfield code="a">mugcro</subfield></datafield><datafield tag="907" ind1=" " ind2=" "><subfield code="a">.b18794774</subfield></datafield><datafield tag="907" ind1=" " ind2=" "><subfield code="a">.b18794774</subfield></datafield><datafield tag="975" ind1=" " ind2=" "><subfield code="a">s</subfield></datafield><datafield tag="999" ind1=" " ind2=" "><subfield code="a">elect</subfield><subfield code="b">1</subfield><subfield code="c">911001</subfield><subfield code="d">-</subfield><subfield code="e">v</subfield><subfield code="f">s</subfield></datafield></record>