<record><leader>00478nam  2200181 a 4500</leader><controlfield tag="001">99185735470001161</controlfield><controlfield tag="005">20130809084112.0</controlfield><controlfield tag="008">121103</controlfield><datafield tag="100" ind1="1" ind2="2"><subfield code="a">SMITH, JANNA MALAMUD.</subfield></datafield><datafield tag="245" ind1=" " ind2="0"><subfield code="a">PSYCHOTHERAPY WITH PEOPLE STRESSED BY POVERTY.</subfield></datafield><datafield tag="562" ind1=" " ind2=" "><subfield code="a">mugcro</subfield></datafield><datafield tag="856" ind1="4" ind2="0"><subfield code="u">http://digilib.bu.edu/bucr/archive/files/02c85b8a77b227db3801425953fe2c31.PDF</subfield></datafield><datafield tag="902" ind1="2" ind2=" "><subfield code="a">suppressed</subfield></datafield><datafield tag="902" ind1=" " ind2=" "><subfield code="a">mugcro</subfield></datafield><datafield tag="907" ind1=" " ind2=" "><subfield code="a">.b24387538</subfield></datafield><datafield tag="907" ind1=" " ind2=" "><subfield code="a">.b24387538</subfield></datafield><datafield tag="975" ind1=" " ind2=" "><subfield code="a">s</subfield></datafield><datafield tag="999" ind1=" " ind2=" "><subfield code="a">elect</subfield><subfield code="b">1</subfield><subfield code="d">m</subfield><subfield code="e">a</subfield><subfield code="f">s</subfield></datafield></record>