<record><leader>00514nam  2200205 a 4500</leader><controlfield tag="001">99184685620001161</controlfield><controlfield tag="005">20130813031240.0</controlfield><controlfield tag="008">121103</controlfield><datafield tag="035" ind1=" " ind2=" "><subfield code="a">MK1CP120</subfield></datafield><datafield tag="100" ind1="1" ind2="2"><subfield code="a">MALEKOFF, ANDREW.</subfield></datafield><datafield tag="245" ind1=" " ind2="0"><subfield code="a">PLANNING IN GROUP WORK: WHERE WE BEGIN.</subfield></datafield><datafield tag="260" ind1="1" ind2=" "><subfield code="a">2006.</subfield></datafield><datafield tag="562" ind1=" " ind2=" "><subfield code="a">mugcro</subfield></datafield><datafield tag="856" ind1="4" ind2="0"><subfield code="u">http://digilib.bu.edu/bucr/archive/files/4ab07ada787eeb61d1e1dbf5cae6a4f0.PDF</subfield></datafield><datafield tag="902" ind1="2" ind2=" "><subfield code="a">suppressed</subfield></datafield><datafield tag="902" ind1=" " ind2=" "><subfield code="a">mugcro</subfield></datafield><datafield tag="907" ind1=" " ind2=" "><subfield code="a">.b2679150x</subfield></datafield><datafield tag="907" ind1=" " ind2=" "><subfield code="a">.b2679150x</subfield></datafield><datafield tag="975" ind1=" " ind2=" "><subfield code="a">s</subfield></datafield><datafield tag="999" ind1=" " ind2=" "><subfield code="a">elect</subfield><subfield code="b">0</subfield><subfield code="d">m</subfield><subfield code="e">v</subfield><subfield code="f">s</subfield></datafield></record>