<record><leader>00517nam  2200205 a 4500</leader><controlfield tag="001">99185390510001161</controlfield><controlfield tag="005">20140813152649.0</controlfield><controlfield tag="008">121103</controlfield><datafield tag="035" ind1=" " ind2=" "><subfield code="a">MK1MP307</subfield></datafield><datafield tag="100" ind1="1" ind2="2"><subfield code="a">ANHEIER, HELMUT K, 1954-</subfield></datafield><datafield tag="245" ind1=" " ind2="0"><subfield code="a">VIGNETTES OF CREATIVE PHILANTHROPY.</subfield></datafield><datafield tag="260" ind1="1" ind2=" "><subfield code="a">2008.</subfield></datafield><datafield tag="562" ind1=" " ind2=" "><subfield code="a">mugcro</subfield></datafield><datafield tag="856" ind1="4" ind2="0"><subfield code="u">http://digilib.bu.edu/bucr/archive/files/c12f7dec243f5be4c8dbaea652514eb7.PDF</subfield></datafield><datafield tag="902" ind1="2" ind2=" "><subfield code="a">suppressed</subfield></datafield><datafield tag="902" ind1=" " ind2=" "><subfield code="a">mugcro</subfield></datafield><datafield tag="907" ind1=" " ind2=" "><subfield code="a">.b27597908</subfield></datafield><datafield tag="907" ind1=" " ind2=" "><subfield code="a">.b27597908</subfield></datafield><datafield tag="975" ind1=" " ind2=" "><subfield code="a">s</subfield></datafield><datafield tag="999" ind1=" " ind2=" "><subfield code="a">elect</subfield><subfield code="b">0</subfield><subfield code="d">m</subfield><subfield code="e">v</subfield><subfield code="f">s</subfield></datafield></record>