<record><leader>00561nam  2200193 a 4500</leader><controlfield tag="001">99186242010001161</controlfield><controlfield tag="005">20130813012722.0</controlfield><controlfield tag="008">121103</controlfield><datafield tag="035" ind1=" " ind2=" "><subfield code="a">MK1HB267</subfield></datafield><datafield tag="100" ind1="1" ind2="2"><subfield code="a">LINEHAN, MARSHA M.</subfield></datafield><datafield tag="245" ind1=" " ind2="0"><subfield code="a">DIALECTICAL BEHAVIOR THERAPY :</subfield><subfield code="b">A FEMINIST-BEHAVIORAL TREATMENT OF BORDERLINE PERSONALITY DISORDER.</subfield></datafield><datafield tag="562" ind1=" " ind2=" "><subfield code="a">mugcro</subfield></datafield><datafield tag="856" ind1="4" ind2="0"><subfield code="u">http://digilib.bu.edu/bucr/archive/files/eec6843c66726029f67f20cfa1cf35d2.PDF</subfield></datafield><datafield tag="902" ind1="2" ind2=" "><subfield code="a">suppressed</subfield></datafield><datafield tag="902" ind1=" " ind2=" "><subfield code="a">mugcro</subfield></datafield><datafield tag="907" ind1=" " ind2=" "><subfield code="a">.b18794737</subfield></datafield><datafield tag="907" ind1=" " ind2=" "><subfield code="a">.b18794737</subfield></datafield><datafield tag="975" ind1=" " ind2=" "><subfield code="a">s</subfield></datafield><datafield tag="999" ind1=" " ind2=" "><subfield code="a">elect</subfield><subfield code="b">1</subfield><subfield code="c">911001</subfield><subfield code="d">-</subfield><subfield code="e">v</subfield><subfield code="f">s</subfield></datafield></record>