<record><leader>00543nam  2200205 a 4500</leader><controlfield tag="001">99185408740001161</controlfield><controlfield tag="005">20140815142658.0</controlfield><controlfield tag="008">121103</controlfield><datafield tag="035" ind1=" " ind2=" "><subfield code="a">MK1HB1045</subfield></datafield><datafield tag="049" ind1=" " ind2=" "><subfield code="a">BOTN</subfield></datafield><datafield tag="100" ind1="1" ind2="2"><subfield code="a">FRIEDMAN, MATTHEW J.</subfield></datafield><datafield tag="245" ind1=" " ind2="0"><subfield code="a">CLASSIFICATION OF TRAUMA AND STRESSOR-RELATED DISORDERS IN DSM-5.</subfield></datafield><datafield tag="562" ind1=" " ind2=" "><subfield code="a">mugcro</subfield></datafield><datafield tag="856" ind1="4" ind2="0"><subfield code="u">http://digilib.bu.edu/bucr/archive/files/f5ab6566c3d8b55681ef38de43189fd3.PDF</subfield></datafield><datafield tag="902" ind1="2" ind2=" "><subfield code="a">suppressed</subfield></datafield><datafield tag="902" ind1=" " ind2=" "><subfield code="a">mugcro</subfield></datafield><datafield tag="907" ind1=" " ind2=" "><subfield code="a">.b38089361</subfield></datafield><datafield tag="907" ind1=" " ind2=" "><subfield code="a">.b38089361</subfield></datafield><datafield tag="975" ind1=" " ind2=" "><subfield code="a">s</subfield></datafield><datafield tag="999" ind1=" " ind2=" "><subfield code="a">elect</subfield><subfield code="b">0</subfield><subfield code="d">m</subfield><subfield code="e">v</subfield><subfield code="f">s</subfield></datafield></record>