<record><leader>00532nam  2200193 a 4500</leader><controlfield tag="001">99185257360001161</controlfield><controlfield tag="005">20140815143355.0</controlfield><controlfield tag="008">121103</controlfield><datafield tag="035" ind1=" " ind2=" "><subfield code="a">MK1HB330</subfield></datafield><datafield tag="100" ind1="1" ind2="2"><subfield code="a">STIVER, IRENE P.</subfield></datafield><datafield tag="245" ind1=" " ind2="0"><subfield code="a">DYSFUNCTIONAL FAMILIES AND WOUNDED RELATIONSHIPS - PART II :</subfield><subfield code="b">WORKS IN PROGRESS.</subfield></datafield><datafield tag="562" ind1=" " ind2=" "><subfield code="a">mugcro</subfield></datafield><datafield tag="856" ind1="4" ind2="0"><subfield code="u">http://digilib.bu.edu/bucr/archive/files/1409c192b2a5dfa065f0cbcd8913e75f.PDF</subfield></datafield><datafield tag="902" ind1="2" ind2=" "><subfield code="a">suppressed</subfield></datafield><datafield tag="902" ind1=" " ind2=" "><subfield code="a">mugcro</subfield></datafield><datafield tag="907" ind1=" " ind2=" "><subfield code="a">.b20011969</subfield></datafield><datafield tag="907" ind1=" " ind2=" "><subfield code="a">.b20011969</subfield></datafield><datafield tag="975" ind1=" " ind2=" "><subfield code="a">s</subfield></datafield><datafield tag="999" ind1=" " ind2=" "><subfield code="a">elect</subfield><subfield code="b">1</subfield><subfield code="d">m</subfield><subfield code="e">v</subfield><subfield code="f">s</subfield></datafield></record>