<record><leader>00568nam  2200205 a 4500</leader><controlfield tag="001">99187545760001161</controlfield><controlfield tag="005">20150113125133.0</controlfield><controlfield tag="008">121103</controlfield><datafield tag="035" ind1=" " ind2=" "><subfield code="a">MK1CP589</subfield></datafield><datafield tag="100" ind1="1" ind2="2"><subfield code="a">TOLMAN, DEBORAH L.</subfield></datafield><datafield tag="245" ind1=" " ind2="0"><subfield code="a">GETTING CLOSE, STAYING COOL: EARLY ADOLESCENT BOYS' EXPERIENCES WITH ROMANTIC RELATIONSHIPS.</subfield></datafield><datafield tag="260" ind1="1" ind2=" "><subfield code="a">2005.</subfield></datafield><datafield tag="562" ind1=" " ind2=" "><subfield code="a">mugcro</subfield></datafield><datafield tag="856" ind1="4" ind2="0"><subfield code="u">http://digilib.bu.edu/bucr/archive/files/d6989dbc5977b5ca1c89a0d29f9ab7b1.PDF</subfield></datafield><datafield tag="902" ind1="2" ind2=" "><subfield code="a">suppressed</subfield></datafield><datafield tag="902" ind1=" " ind2=" "><subfield code="a">mugcro</subfield></datafield><datafield tag="907" ind1=" " ind2=" "><subfield code="a">.b25359952</subfield></datafield><datafield tag="907" ind1=" " ind2=" "><subfield code="a">.b25359952</subfield></datafield><datafield tag="975" ind1=" " ind2=" "><subfield code="a">s</subfield></datafield><datafield tag="999" ind1=" " ind2=" "><subfield code="a">elect</subfield><subfield code="b">0</subfield><subfield code="d">m</subfield><subfield code="e">v</subfield><subfield code="f">s</subfield></datafield></record>