<record><leader>00450nam  2200181 a 4500</leader><controlfield tag="001">99187175630001161</controlfield><controlfield tag="005">20130826145732.0</controlfield><controlfield tag="008">121103</controlfield><datafield tag="100" ind1="1" ind2="2"><subfield code="a">SANDERS, G.</subfield></datafield><datafield tag="245" ind1=" " ind2="0"><subfield code="a">GENERATING STORIES OF RESILIENCE.</subfield></datafield><datafield tag="260" ind1="1" ind2=" "><subfield code="a">2004.</subfield></datafield><datafield tag="562" ind1=" " ind2=" "><subfield code="a">mugcro</subfield></datafield><datafield tag="856" ind1="4" ind2="0"><subfield code="u">http://digilib.bu.edu/bucr/archive/files/c188b455c026a9dc9f63974be986ca36.PDF</subfield></datafield><datafield tag="902" ind1=" " ind2=" "><subfield code="a">mugcro</subfield></datafield><datafield tag="907" ind1=" " ind2=" "><subfield code="a">.b25286298</subfield></datafield><datafield tag="907" ind1=" " ind2=" "><subfield code="a">.b25286298</subfield></datafield><datafield tag="975" ind1=" " ind2=" "><subfield code="a">s</subfield></datafield><datafield tag="999" ind1=" " ind2=" "><subfield code="a">elect</subfield><subfield code="b">0</subfield><subfield code="d">m</subfield><subfield code="e">v</subfield><subfield code="f">s</subfield></datafield></record>