<record><leader>00502nam  2200205 a 4500</leader><controlfield tag="001">99186983340001161</controlfield><controlfield tag="005">20150120115127.0</controlfield><controlfield tag="008">121103</controlfield><datafield tag="035" ind1=" " ind2=" "><subfield code="a">MK1WP226</subfield></datafield><datafield tag="100" ind1="1" ind2="2"><subfield code="a">GRAY, JAMES P.</subfield></datafield><datafield tag="245" ind1=" " ind2="0"><subfield code="a">INCREASED HARM TO COMMUNITIES.</subfield></datafield><datafield tag="260" ind1="1" ind2=" "><subfield code="a">2009.</subfield></datafield><datafield tag="562" ind1=" " ind2=" "><subfield code="a">mugcro</subfield></datafield><datafield tag="856" ind1="4" ind2="0"><subfield code="u">http://digilib.bu.edu/bucr/archive/files/a367977e34f08d8c3c26ba3d93f7f73f.PDF</subfield></datafield><datafield tag="902" ind1="2" ind2=" "><subfield code="a">suppressed</subfield></datafield><datafield tag="902" ind1=" " ind2=" "><subfield code="a">mugcro</subfield></datafield><datafield tag="907" ind1=" " ind2=" "><subfield code="a">.b3347171x</subfield></datafield><datafield tag="907" ind1=" " ind2=" "><subfield code="a">.b3347171x</subfield></datafield><datafield tag="975" ind1=" " ind2=" "><subfield code="a">s</subfield></datafield><datafield tag="999" ind1=" " ind2=" "><subfield code="a">elect</subfield><subfield code="b">0</subfield><subfield code="d">m</subfield><subfield code="e">v</subfield><subfield code="f">s</subfield></datafield></record>