<record><leader>00584nam  2200193 a 4500</leader><controlfield tag="001">99188565050001161</controlfield><controlfield tag="005">20150318143343.0</controlfield><controlfield tag="008">121103</controlfield><datafield tag="035" ind1=" " ind2=" "><subfield code="a">MK1CP216</subfield></datafield><datafield tag="100" ind1="1" ind2="2"><subfield code="a">CUNNINGHAM, PHILLIPPE BELTON, 1958-</subfield></datafield><datafield tag="245" ind1=" " ind2="0"><subfield code="a">ENGAGING MULTIPROBLEM FAMILIES IN TREATMENT: LESSONS LEARNED THROUGHOUT THE DEVELOPMENT OF MULTISYSTEMIC THERAPY.</subfield></datafield><datafield tag="562" ind1=" " ind2=" "><subfield code="a">mugcro</subfield></datafield><datafield tag="856" ind1="4" ind2="0"><subfield code="u">http://digilib.bu.edu/bucr/archive/files/ff7665aa7cc1cbe81b3e8ae6dafff6bc.PDF</subfield></datafield><datafield tag="902" ind1="2" ind2=" "><subfield code="a">suppressed</subfield></datafield><datafield tag="902" ind1=" " ind2=" "><subfield code="a">mugcro</subfield></datafield><datafield tag="907" ind1=" " ind2=" "><subfield code="a">.b24711469</subfield></datafield><datafield tag="907" ind1=" " ind2=" "><subfield code="a">.b24711469</subfield></datafield><datafield tag="975" ind1=" " ind2=" "><subfield code="a">s</subfield></datafield><datafield tag="999" ind1=" " ind2=" "><subfield code="a">elect</subfield><subfield code="b">1</subfield><subfield code="d">m</subfield><subfield code="e">v</subfield><subfield code="f">s</subfield></datafield></record>