<record><leader>00551nam  2200193 a 4500</leader><controlfield tag="001">99188537390001161</controlfield><controlfield tag="005">20150318141404.0</controlfield><controlfield tag="008">121103</controlfield><datafield tag="035" ind1=" " ind2=" "><subfield code="a">MK1CP244</subfield></datafield><datafield tag="100" ind1="1" ind2="2"><subfield code="a">MINUCHIN, PATRICIA.</subfield></datafield><datafield tag="245" ind1=" " ind2="0"><subfield code="a">CHILDREN AND FAMILY THERAPY: MAINSTREAM APPROACHES AND THE SPECIAL CASE OF THE MULTICRISIS POOR.</subfield></datafield><datafield tag="562" ind1=" " ind2=" "><subfield code="a">mugcro</subfield></datafield><datafield tag="856" ind1="4" ind2="0"><subfield code="u">http://digilib.bu.edu/bucr/archive/files/ebcb176ce4a7599dfc3ac796fe70e34c.PDF</subfield></datafield><datafield tag="902" ind1="2" ind2=" "><subfield code="a">suppressed</subfield></datafield><datafield tag="902" ind1=" " ind2=" "><subfield code="a">mugcro</subfield></datafield><datafield tag="907" ind1=" " ind2=" "><subfield code="a">.b24711329</subfield></datafield><datafield tag="907" ind1=" " ind2=" "><subfield code="a">.b24711329</subfield></datafield><datafield tag="975" ind1=" " ind2=" "><subfield code="a">s</subfield></datafield><datafield tag="999" ind1=" " ind2=" "><subfield code="a">elect</subfield><subfield code="b">1</subfield><subfield code="d">m</subfield><subfield code="e">v</subfield><subfield code="f">s</subfield></datafield></record>