<record><leader>00548nam  2200193 a 4500</leader><controlfield tag="001">99188267130001161</controlfield><controlfield tag="005">20130801002641.0</controlfield><controlfield tag="008">121103</controlfield><datafield tag="035" ind1=" " ind2=" "><subfield code="a">MK1348</subfield></datafield><datafield tag="100" ind1="1" ind2="2"><subfield code="a">MCPHATTER, ANNA R.</subfield></datafield><datafield tag="245" ind1=" " ind2="0"><subfield code="a">CULTURAL COMPETENCE IN CHILD WELFARE: WHAT IS IT? HOW DO WE ACHIEVE IT? WHAT HAPPENS WITHOUT IT?</subfield></datafield><datafield tag="562" ind1=" " ind2=" "><subfield code="a">mugcro</subfield></datafield><datafield tag="856" ind1="4" ind2="0"><subfield code="u">http://digilib.bu.edu/bucr/archive/files/5b9e2be6f743887ed4021026b75c6495.PDF</subfield></datafield><datafield tag="902" ind1="2" ind2=" "><subfield code="a">suppressed</subfield></datafield><datafield tag="902" ind1=" " ind2=" "><subfield code="a">mugcro</subfield></datafield><datafield tag="907" ind1=" " ind2=" "><subfield code="a">.b21672143</subfield></datafield><datafield tag="907" ind1=" " ind2=" "><subfield code="a">.b21672143</subfield></datafield><datafield tag="975" ind1=" " ind2=" "><subfield code="a">s</subfield></datafield><datafield tag="999" ind1=" " ind2=" "><subfield code="a">multi</subfield><subfield code="b">1</subfield><subfield code="d">m</subfield><subfield code="e">v</subfield><subfield code="f">s</subfield></datafield></record>