<record><leader>00513nam  2200193 a 4500</leader><controlfield tag="001">99188814390001161</controlfield><controlfield tag="005">20140815142744.0</controlfield><controlfield tag="008">121103</controlfield><datafield tag="035" ind1=" " ind2=" "><subfield code="a">MK1HB766</subfield></datafield><datafield tag="100" ind1="1" ind2="2"><subfield code="a">Cummings, E. Mark.</subfield></datafield><datafield tag="245" ind1=" " ind2="0"><subfield code="a">COMPLEX PATTERNS OF INFLUENCE: RISK AND PROTECTIVE FACTORS.</subfield></datafield><datafield tag="562" ind1=" " ind2=" "><subfield code="a">mugcro</subfield></datafield><datafield tag="856" ind1="4" ind2="0"><subfield code="u">http://digilib.bu.edu/bucr/archive/files/6baca9457b3d0628c8db0997084d4ee0.PDF</subfield></datafield><datafield tag="902" ind1="2" ind2=" "><subfield code="a">suppressed</subfield></datafield><datafield tag="902" ind1=" " ind2=" "><subfield code="a">mugcro</subfield></datafield><datafield tag="907" ind1=" " ind2=" "><subfield code="a">.b3401648x</subfield></datafield><datafield tag="907" ind1=" " ind2=" "><subfield code="a">.b3401648x</subfield></datafield><datafield tag="975" ind1=" " ind2=" "><subfield code="a">s</subfield></datafield><datafield tag="999" ind1=" " ind2=" "><subfield code="a">elect</subfield><subfield code="b">0</subfield><subfield code="d">m</subfield><subfield code="e">v</subfield><subfield code="f">s</subfield></datafield></record>