<record><leader>00592nam  2200205 a 4500</leader><controlfield tag="001">99189183390001161</controlfield><controlfield tag="005">20130813003134.0</controlfield><controlfield tag="008">121103</controlfield><datafield tag="035" ind1=" " ind2=" "><subfield code="a">MK1HB937</subfield></datafield><datafield tag="049" ind1=" " ind2=" "><subfield code="a">BOTN</subfield></datafield><datafield tag="100" ind1="1" ind2="2"><subfield code="a">MCNALLY, RICHARD J.</subfield></datafield><datafield tag="245" ind1=" " ind2="0"><subfield code="a">CLINICAL CHARACTERISTICS OF ADULTS REPORTING REPRESSED, RECOVERED, OR CONTINUOUS MEMORIES OF CHILDHOOD SEXUAL ABUSE.</subfield></datafield><datafield tag="562" ind1=" " ind2=" "><subfield code="a">mugcro</subfield></datafield><datafield tag="856" ind1="4" ind2="0"><subfield code="u">http://digilib.bu.edu/bucr/archive/files/c6838afc46fd501f10d7db689da94371.PDF</subfield></datafield><datafield tag="902" ind1="2" ind2=" "><subfield code="a">suppressed</subfield></datafield><datafield tag="902" ind1=" " ind2=" "><subfield code="a">mugcro</subfield></datafield><datafield tag="907" ind1=" " ind2=" "><subfield code="a">.b36432581</subfield></datafield><datafield tag="907" ind1=" " ind2=" "><subfield code="a">.b36432581</subfield></datafield><datafield tag="975" ind1=" " ind2=" "><subfield code="a">s</subfield></datafield><datafield tag="999" ind1=" " ind2=" "><subfield code="a">elect</subfield><subfield code="b">0</subfield><subfield code="d">m</subfield><subfield code="e">v</subfield><subfield code="f">s</subfield></datafield></record>