<record><leader>00572nam  2200193 a 4500</leader><controlfield tag="001">99189207510001161</controlfield><controlfield tag="005">20130731185723.0</controlfield><controlfield tag="008">121103</controlfield><datafield tag="035" ind1=" " ind2=" "><subfield code="a">MK1CP186</subfield></datafield><datafield tag="100" ind1="1" ind2="2"><subfield code="a">SATTERFIELD, JASON M.</subfield></datafield><datafield tag="245" ind1=" " ind2="0"><subfield code="a">COGNITIVE BEHAVIORAL GROUP THERAPY FOR DEPRESSED, LOW-INCOME MINORITY CLIENTS: RETENTION AND TREATMENT ENHANCEMENT.</subfield></datafield><datafield tag="562" ind1=" " ind2=" "><subfield code="a">mugcro</subfield></datafield><datafield tag="856" ind1="4" ind2="0"><subfield code="u">http://digilib.bu.edu/bucr/archive/files/fa2d1e3a14b740041caed5e814b7923a.PDF</subfield></datafield><datafield tag="902" ind1="2" ind2=" "><subfield code="a">suppressed</subfield></datafield><datafield tag="902" ind1=" " ind2=" "><subfield code="a">mugcro</subfield></datafield><datafield tag="907" ind1=" " ind2=" "><subfield code="a">.b2421436x</subfield></datafield><datafield tag="907" ind1=" " ind2=" "><subfield code="a">.b2421436x</subfield></datafield><datafield tag="975" ind1=" " ind2=" "><subfield code="a">s</subfield></datafield><datafield tag="999" ind1=" " ind2=" "><subfield code="a">elect</subfield><subfield code="b">1</subfield><subfield code="d">m</subfield><subfield code="e">v</subfield><subfield code="f">s</subfield></datafield></record>