<record><leader>00480nam  2200193 a 4500</leader><controlfield tag="001">99188565660001161</controlfield><controlfield tag="005">20150318144921.0</controlfield><controlfield tag="008">121103</controlfield><datafield tag="035" ind1=" " ind2=" "><subfield code="a">MK1CP245</subfield></datafield><datafield tag="100" ind1="1" ind2="2"><subfield code="a">Minuchin, Salvador.</subfield></datafield><datafield tag="245" ind1=" " ind2="0"><subfield code="a">RESTRUCTURING THE FAMILY.</subfield></datafield><datafield tag="562" ind1=" " ind2=" "><subfield code="a">mugcro</subfield></datafield><datafield tag="856" ind1="4" ind2="0"><subfield code="u">http://digilib.bu.edu/bucr/archive/files/a5fc976a719c8b34407ce822d3d9bd90.PDF</subfield></datafield><datafield tag="902" ind1="2" ind2=" "><subfield code="a">suppressed</subfield></datafield><datafield tag="902" ind1=" " ind2=" "><subfield code="a">mugcro</subfield></datafield><datafield tag="907" ind1=" " ind2=" "><subfield code="a">.b24711391</subfield></datafield><datafield tag="907" ind1=" " ind2=" "><subfield code="a">.b24711391</subfield></datafield><datafield tag="975" ind1=" " ind2=" "><subfield code="a">s</subfield></datafield><datafield tag="999" ind1=" " ind2=" "><subfield code="a">elect</subfield><subfield code="b">1</subfield><subfield code="d">m</subfield><subfield code="e">v</subfield><subfield code="f">s</subfield></datafield></record>