<record><leader>00536nam  2200193 a 4500</leader><controlfield tag="001">99188804890001161</controlfield><controlfield tag="005">20130813025045.0</controlfield><controlfield tag="008">121103</controlfield><datafield tag="035" ind1=" " ind2=" "><subfield code="a">MK1HB811</subfield></datafield><datafield tag="100" ind1="1" ind2="2"><subfield code="a">STEFENS, DAVID C.</subfield></datafield><datafield tag="245" ind1=" " ind2="0"><subfield code="a">SEPARATING MOOD DISTURBANCE FROM MILD COGNITIVE IMPAIRMENT TO GERIATRIC DEPRESSION.</subfield></datafield><datafield tag="562" ind1=" " ind2=" "><subfield code="a">mugcro</subfield></datafield><datafield tag="856" ind1="4" ind2="0"><subfield code="u">http://digilib.bu.edu/bucr/archive/files/14c50a6b244c07c9bc06a75bb90658de.PDF</subfield></datafield><datafield tag="902" ind1="2" ind2=" "><subfield code="a">suppressed</subfield></datafield><datafield tag="902" ind1=" " ind2=" "><subfield code="a">mugcro</subfield></datafield><datafield tag="907" ind1=" " ind2=" "><subfield code="a">.b34021243</subfield></datafield><datafield tag="907" ind1=" " ind2=" "><subfield code="a">.b34021243</subfield></datafield><datafield tag="975" ind1=" " ind2=" "><subfield code="a">s</subfield></datafield><datafield tag="999" ind1=" " ind2=" "><subfield code="a">elect</subfield><subfield code="b">0</subfield><subfield code="d">m</subfield><subfield code="e">v</subfield><subfield code="f">s</subfield></datafield></record>