<record><leader>00518nam  2200193 a 4500</leader><controlfield tag="001">99188543620001161</controlfield><controlfield tag="005">20150318144517.0</controlfield><controlfield tag="008">121103</controlfield><datafield tag="035" ind1=" " ind2=" "><subfield code="a">MK1CP222</subfield></datafield><datafield tag="100" ind1="1" ind2="2"><subfield code="a">BOYD-FRANKLIN, NANCY.</subfield></datafield><datafield tag="245" ind1=" " ind2="4"><subfield code="a">THE MULTISYSTEMS APPROACH TO THE TREATMENT OF BLACK FAMILIES.</subfield></datafield><datafield tag="562" ind1=" " ind2=" "><subfield code="a">mugcro</subfield></datafield><datafield tag="856" ind1="4" ind2="0"><subfield code="u">http://digilib.bu.edu/bucr/archive/files/31fc20969e1fc05d7a0a4731a551b720.PDF</subfield></datafield><datafield tag="902" ind1="2" ind2=" "><subfield code="a">suppressed</subfield></datafield><datafield tag="902" ind1=" " ind2=" "><subfield code="a">mugcro</subfield></datafield><datafield tag="907" ind1=" " ind2=" "><subfield code="a">.b24711639</subfield></datafield><datafield tag="907" ind1=" " ind2=" "><subfield code="a">.b24711639</subfield></datafield><datafield tag="975" ind1=" " ind2=" "><subfield code="a">s</subfield></datafield><datafield tag="999" ind1=" " ind2=" "><subfield code="a">elect</subfield><subfield code="b">1</subfield><subfield code="d">m</subfield><subfield code="e">v</subfield><subfield code="f">s</subfield></datafield></record>