<record><leader>00577nam  2200193 a 4500</leader><controlfield tag="001">99188823280001161</controlfield><controlfield tag="005">20130813003844.0</controlfield><controlfield tag="008">121103</controlfield><datafield tag="035" ind1=" " ind2=" "><subfield code="a">MK1CP898</subfield></datafield><datafield tag="100" ind1="1" ind2="2"><subfield code="a">Ault, Amber Lynne,</subfield><subfield code="d">1962-</subfield></datafield><datafield tag="245" ind1=" " ind2="0"><subfield code="a">REMOVING GENDER IDENTITY DISORDER FROM THE DIAGNOSTIC AND STATISTICAL MANUAL OF MENTAL DISORDERS: A CALL FOR ACTION.</subfield></datafield><datafield tag="562" ind1=" " ind2=" "><subfield code="a">mugcro</subfield></datafield><datafield tag="856" ind1="4" ind2="0"><subfield code="u">http://digilib.bu.edu/bucr/archive/files/03718be48b12095c45c0c1b1e02f5561.PDF</subfield></datafield><datafield tag="902" ind1="2" ind2=" "><subfield code="a">suppressed</subfield></datafield><datafield tag="902" ind1=" " ind2=" "><subfield code="a">mugcro</subfield></datafield><datafield tag="907" ind1=" " ind2=" "><subfield code="a">.b3401522x</subfield></datafield><datafield tag="907" ind1=" " ind2=" "><subfield code="a">.b3401522x</subfield></datafield><datafield tag="975" ind1=" " ind2=" "><subfield code="a">s</subfield></datafield><datafield tag="999" ind1=" " ind2=" "><subfield code="a">elect</subfield><subfield code="b">0</subfield><subfield code="d">m</subfield><subfield code="e">v</subfield><subfield code="f">s</subfield></datafield></record>