<record><leader>00562nam  2200205 a 4500</leader><controlfield tag="001">99189155350001161</controlfield><controlfield tag="005">20150105130419.0</controlfield><controlfield tag="008">121103</controlfield><datafield tag="035" ind1=" " ind2=" "><subfield code="a">MK1HB955</subfield></datafield><datafield tag="049" ind1=" " ind2=" "><subfield code="a">BOTN</subfield></datafield><datafield tag="100" ind1="1" ind2="2"><subfield code="a">GUARNACCIA, PETER J.</subfield></datafield><datafield tag="245" ind1=" " ind2="0"><subfield code="a">ARE ATAQUES DE NERVIOS IN PUERTO RICAN CHILDREN ASSOCIATED WITH PSYCHIATRIC DISORDER?</subfield></datafield><datafield tag="562" ind1=" " ind2=" "><subfield code="a">mugcro</subfield></datafield><datafield tag="856" ind1="4" ind2="0"><subfield code="u">http://digilib.bu.edu/bucr/archive/files/b0b98d4d9c15e9fd18d2434fc16b5431.PDF</subfield></datafield><datafield tag="902" ind1="2" ind2=" "><subfield code="a">suppressed</subfield></datafield><datafield tag="902" ind1=" " ind2=" "><subfield code="a">mugcro</subfield></datafield><datafield tag="907" ind1=" " ind2=" "><subfield code="a">.b36545843</subfield></datafield><datafield tag="907" ind1=" " ind2=" "><subfield code="a">.b36545843</subfield></datafield><datafield tag="975" ind1=" " ind2=" "><subfield code="a">s</subfield></datafield><datafield tag="999" ind1=" " ind2=" "><subfield code="a">elect</subfield><subfield code="b">0</subfield><subfield code="d">m</subfield><subfield code="e">v</subfield><subfield code="f">s</subfield></datafield></record>