<record><leader>00510nam  2200193 a 4500</leader><controlfield tag="001">99190601480001161</controlfield><controlfield tag="005">20150312145926.0</controlfield><controlfield tag="008">121103</controlfield><datafield tag="035" ind1=" " ind2=" "><subfield code="a">MK1CP138</subfield></datafield><datafield tag="100" ind1="1" ind2="2"><subfield code="a">GARLAND, JAMES A.</subfield></datafield><datafield tag="245" ind1=" " ind2="0"><subfield code="a">LONELINESS IN THE GROUP: AN ELEMENT OF TREATMENT.</subfield></datafield><datafield tag="562" ind1=" " ind2=" "><subfield code="a">mugcro</subfield></datafield><datafield tag="856" ind1="4" ind2="0"><subfield code="u">http://digilib.bu.edu/bucr/archive/files/9d3639a18e063ebc66430d4b167242cf.PDF</subfield></datafield><datafield tag="902" ind1="2" ind2=" "><subfield code="a">suppressed</subfield></datafield><datafield tag="902" ind1=" " ind2=" "><subfield code="a">mugcro</subfield></datafield><datafield tag="907" ind1=" " ind2=" "><subfield code="a">.b18174322</subfield></datafield><datafield tag="907" ind1=" " ind2=" "><subfield code="a">.b18174322</subfield></datafield><datafield tag="975" ind1=" " ind2=" "><subfield code="a">s</subfield></datafield><datafield tag="999" ind1=" " ind2=" "><subfield code="a">elect</subfield><subfield code="b">1</subfield><subfield code="c">901016</subfield><subfield code="d">-</subfield><subfield code="e">v</subfield><subfield code="f">s</subfield></datafield></record>