<record><leader>00511nam  2200193 a 4500</leader><controlfield tag="001">99190218570001161</controlfield><controlfield tag="005">20150319133707.0</controlfield><controlfield tag="008">121103</controlfield><datafield tag="035" ind1=" " ind2=" "><subfield code="a">MK1SP128</subfield></datafield><datafield tag="100" ind1="1" ind2="2"><subfield code="a">FRANKLIN, LORI D.</subfield></datafield><datafield tag="245" ind1=" " ind2="4"><subfield code="a">THE ETHICS DOCKET: AN EXERCISE IN ETHICAL DECISION MAKING.</subfield></datafield><datafield tag="562" ind1=" " ind2=" "><subfield code="a">mugcro</subfield></datafield><datafield tag="856" ind1="4" ind2="0"><subfield code="u">http://digilib.bu.edu/bucr/archive/files/4e0e9f91e68cdc20a50f2121f2b9efcd.PDF</subfield></datafield><datafield tag="902" ind1="2" ind2=" "><subfield code="a">suppressed</subfield></datafield><datafield tag="902" ind1=" " ind2=" "><subfield code="a">mugcro</subfield></datafield><datafield tag="907" ind1=" " ind2=" "><subfield code="a">.b33485987</subfield></datafield><datafield tag="907" ind1=" " ind2=" "><subfield code="a">.b33485987</subfield></datafield><datafield tag="975" ind1=" " ind2=" "><subfield code="a">s</subfield></datafield><datafield tag="999" ind1=" " ind2=" "><subfield code="a">elect</subfield><subfield code="b">0</subfield><subfield code="d">m</subfield><subfield code="e">v</subfield><subfield code="f">s</subfield></datafield></record>