<record><leader>00530nam  2200193 a 4500</leader><controlfield tag="001">99190225070001161</controlfield><controlfield tag="005">20150105145308.0</controlfield><controlfield tag="008">121103</controlfield><datafield tag="035" ind1=" " ind2=" "><subfield code="a">MK1WP250</subfield></datafield><datafield tag="100" ind1="1" ind2="2"><subfield code="a">AVERY, ROSEMARY J, 1950-</subfield></datafield><datafield tag="245" ind1=" " ind2="0"><subfield code="a">YOU'RE ALL GROWN UP NOW: TERMINATION OF FOSTER CARE SUPPORT AT AGE 18.</subfield></datafield><datafield tag="562" ind1=" " ind2=" "><subfield code="a">mugcro</subfield></datafield><datafield tag="856" ind1="4" ind2="0"><subfield code="u">http://digilib.bu.edu/bucr/archive/files/ee612a69b394cc9898c6cac4ba857fe3.PDF</subfield></datafield><datafield tag="902" ind1="2" ind2=" "><subfield code="a">suppressed</subfield></datafield><datafield tag="902" ind1=" " ind2=" "><subfield code="a">mugcro</subfield></datafield><datafield tag="907" ind1=" " ind2=" "><subfield code="a">.b33486591</subfield></datafield><datafield tag="907" ind1=" " ind2=" "><subfield code="a">.b33486591</subfield></datafield><datafield tag="975" ind1=" " ind2=" "><subfield code="a">s</subfield></datafield><datafield tag="999" ind1=" " ind2=" "><subfield code="a">elect</subfield><subfield code="b">0</subfield><subfield code="d">m</subfield><subfield code="e">v</subfield><subfield code="f">s</subfield></datafield></record>