<record><leader>00639nam  2200205 a 4500</leader><controlfield tag="001">99190223870001161</controlfield><controlfield tag="005">20130813021413.0</controlfield><controlfield tag="008">121103</controlfield><datafield tag="035" ind1=" " ind2=" "><subfield code="a">MK1CP890</subfield></datafield><datafield tag="100" ind1="1" ind2="2"><subfield code="a">SWARTZ, HOLLY A.</subfield></datafield><datafield tag="245" ind1=" " ind2="0"><subfield code="a">ENGAGING DEPRESSED PATIENTS IN PSYCHOTHERAPY: INTEGRATING TECHNIQUES FROM MOTIVATIONAL INTERVIEWING AND ETHNOGRAPHIC INTERVIEWING TO IMPROVE TREATMENT PARTICIPATION.</subfield></datafield><datafield tag="260" ind1="1" ind2=" "><subfield code="a">2010.</subfield></datafield><datafield tag="562" ind1=" " ind2=" "><subfield code="a">mugcro</subfield></datafield><datafield tag="856" ind1="4" ind2="0"><subfield code="u">http://digilib.bu.edu/bucr/archive/files/ff7d1a5dc3f04690038190f1639afc43.PDF</subfield></datafield><datafield tag="902" ind1="2" ind2=" "><subfield code="a">suppressed</subfield></datafield><datafield tag="902" ind1=" " ind2=" "><subfield code="a">mugcro</subfield></datafield><datafield tag="907" ind1=" " ind2=" "><subfield code="a">.b33488460</subfield></datafield><datafield tag="907" ind1=" " ind2=" "><subfield code="a">.b33488460</subfield></datafield><datafield tag="975" ind1=" " ind2=" "><subfield code="a">s</subfield></datafield><datafield tag="999" ind1=" " ind2=" "><subfield code="a">elect</subfield><subfield code="b">0</subfield><subfield code="d">m</subfield><subfield code="e">v</subfield><subfield code="f">s</subfield></datafield></record>