<record><leader>00541nam  2200193 a 4500</leader><controlfield tag="001">99190227490001161</controlfield><controlfield tag="005">20150120095022.0</controlfield><controlfield tag="008">121103</controlfield><datafield tag="035" ind1=" " ind2=" "><subfield code="a">MK1HB781</subfield></datafield><datafield tag="100" ind1="1" ind2="2"><subfield code="a">HUANG, ZHIHUAN.</subfield></datafield><datafield tag="245" ind1=" " ind2="0"><subfield code="a">HEALTH STATUS AND HEALTH SERVICE ACCESS AND USE AMONG CHILDREN IN U.S. IMMIGRANT FAMILIES.</subfield></datafield><datafield tag="562" ind1=" " ind2=" "><subfield code="a">mugcro</subfield></datafield><datafield tag="856" ind1="4" ind2="0"><subfield code="u">http://digilib.bu.edu/bucr/archive/files/7e568ef5cb4c1321861167924d1442ac.PDF</subfield></datafield><datafield tag="902" ind1="2" ind2=" "><subfield code="a">suppressed</subfield></datafield><datafield tag="902" ind1=" " ind2=" "><subfield code="a">mugcro</subfield></datafield><datafield tag="907" ind1=" " ind2=" "><subfield code="a">.b33487856</subfield></datafield><datafield tag="907" ind1=" " ind2=" "><subfield code="a">.b33487856</subfield></datafield><datafield tag="975" ind1=" " ind2=" "><subfield code="a">s</subfield></datafield><datafield tag="999" ind1=" " ind2=" "><subfield code="a">elect</subfield><subfield code="b">0</subfield><subfield code="d">m</subfield><subfield code="e">v</subfield><subfield code="f">s</subfield></datafield></record>