<record><leader>00609nam  2200205 a 4500</leader><controlfield tag="001">99191719940001161</controlfield><controlfield tag="005">20150105144712.0</controlfield><controlfield tag="008">121103</controlfield><datafield tag="035" ind1=" " ind2=" "><subfield code="a">MK1WP167</subfield></datafield><datafield tag="100" ind1="1" ind2="2"><subfield code="a">LIMB, GORDON E.</subfield></datafield><datafield tag="245" ind1=" " ind2="0"><subfield code="a">EMPIRICAL EXAMINATION OF THE INDIAN CHILD WELFARE ACT AND ITS IMPACT ON CULTURAL AND FAMILIAL PRESERVATION FOR AMERICAN INDIAN CHILDREN.</subfield></datafield><datafield tag="260" ind1="1" ind2=" "><subfield code="a">2006.</subfield></datafield><datafield tag="562" ind1=" " ind2=" "><subfield code="a">mugcro</subfield></datafield><datafield tag="856" ind1="4" ind2="0"><subfield code="u">http://digilib.bu.edu/bucr/archive/files/ad911f23f0c5e8e8faea54c032e50ea3.PDF</subfield></datafield><datafield tag="902" ind1="2" ind2=" "><subfield code="a">suppressed</subfield></datafield><datafield tag="902" ind1=" " ind2=" "><subfield code="a">mugcro</subfield></datafield><datafield tag="907" ind1=" " ind2=" "><subfield code="a">.b27041116</subfield></datafield><datafield tag="907" ind1=" " ind2=" "><subfield code="a">.b27041116</subfield></datafield><datafield tag="975" ind1=" " ind2=" "><subfield code="a">s</subfield></datafield><datafield tag="999" ind1=" " ind2=" "><subfield code="a">elect</subfield><subfield code="b">0</subfield><subfield code="d">m</subfield><subfield code="e">v</subfield><subfield code="f">s</subfield></datafield></record>