<record><leader>00507nam  2200193 a 4500</leader><controlfield tag="001">99190217870001161</controlfield><controlfield tag="005">20150120101944.0</controlfield><controlfield tag="008">121103</controlfield><datafield tag="035" ind1=" " ind2=" "><subfield code="a">MK1HB801</subfield></datafield><datafield tag="100" ind1="1" ind2="2"><subfield code="a">FISHER, ELIYAHU.</subfield></datafield><datafield tag="245" ind1=" " ind2="4"><subfield code="a">THE ROBERT WOOD JOHNSON FOUNDATION DIABETES INITIATIVE.</subfield></datafield><datafield tag="562" ind1=" " ind2=" "><subfield code="a">mugcro</subfield></datafield><datafield tag="856" ind1="4" ind2="0"><subfield code="u">http://digilib.bu.edu/bucr/archive/files/9d24f848e1c02a406caf5db9e0f1745c.PDF</subfield></datafield><datafield tag="902" ind1="2" ind2=" "><subfield code="a">suppressed</subfield></datafield><datafield tag="902" ind1=" " ind2=" "><subfield code="a">mugcro</subfield></datafield><datafield tag="907" ind1=" " ind2=" "><subfield code="a">.b33488083</subfield></datafield><datafield tag="907" ind1=" " ind2=" "><subfield code="a">.b33488083</subfield></datafield><datafield tag="975" ind1=" " ind2=" "><subfield code="a">s</subfield></datafield><datafield tag="999" ind1=" " ind2=" "><subfield code="a">elect</subfield><subfield code="b">0</subfield><subfield code="d">m</subfield><subfield code="e">v</subfield><subfield code="f">s</subfield></datafield></record>