<record><leader>00495nam  2200193 a 4500</leader><controlfield tag="001">99190937580001161</controlfield><controlfield tag="005">20130812214212.0</controlfield><controlfield tag="008">121103</controlfield><datafield tag="035" ind1=" " ind2=" "><subfield code="a">MK1HB447</subfield></datafield><datafield tag="090" ind1=" " ind2=" "><subfield code="a">MK1 HB447</subfield></datafield><datafield tag="100" ind1="1" ind2="2"><subfield code="a">HARTMAN, ANN.</subfield></datafield><datafield tag="245" ind1=" " ind2="0"><subfield code="a">HOMELESSNESS: PUBLIC ISSUE AND PRIVATE TROUBLE.</subfield></datafield><datafield tag="562" ind1=" " ind2=" "><subfield code="a">mugcro</subfield></datafield><datafield tag="856" ind1="4" ind2="0"><subfield code="u">http://digilib.bu.edu/bucr/archive/files/6506dd7d08f5eccfecd2d2cb983771f4.PDF</subfield></datafield><datafield tag="902" ind1="2" ind2=" "><subfield code="a">suppressed</subfield></datafield><datafield tag="902" ind1=" " ind2=" "><subfield code="a">mugcro</subfield></datafield><datafield tag="907" ind1=" " ind2=" "><subfield code="a">.b24861868</subfield></datafield><datafield tag="975" ind1=" " ind2=" "><subfield code="a">s</subfield></datafield><datafield tag="999" ind1=" " ind2=" "><subfield code="a">elect</subfield><subfield code="b">1</subfield><subfield code="d">m</subfield><subfield code="e">v</subfield><subfield code="f">s</subfield></datafield></record>