<record><leader>00552nam  2200205 a 4500</leader><controlfield tag="001">99191266510001161</controlfield><controlfield tag="005">20130813031529.0</controlfield><controlfield tag="008">121103</controlfield><datafield tag="035" ind1=" " ind2=" "><subfield code="a">MK1CP783</subfield></datafield><datafield tag="100" ind1="1" ind2="2"><subfield code="a">Lambert, Michael J.</subfield></datafield><datafield tag="245" ind1=" " ind2="0"><subfield code="a">RESEARCH SUMMARY ON THE THERAPEUTIC RELATIONSHIP AND PSYCHOTHERAPY OUTCOME.</subfield></datafield><datafield tag="260" ind1="1" ind2=" "><subfield code="a">2003.</subfield></datafield><datafield tag="562" ind1=" " ind2=" "><subfield code="a">mugcro</subfield></datafield><datafield tag="856" ind1="4" ind2="0"><subfield code="u">http://digilib.bu.edu/bucr/archive/files/9ba215cc705710a00640a17c76fa3a2b.PDF</subfield></datafield><datafield tag="902" ind1="2" ind2=" "><subfield code="a">suppressed</subfield></datafield><datafield tag="902" ind1=" " ind2=" "><subfield code="a">mugcro</subfield></datafield><datafield tag="907" ind1=" " ind2=" "><subfield code="a">.b2493785x</subfield></datafield><datafield tag="907" ind1=" " ind2=" "><subfield code="a">.b2493785x</subfield></datafield><datafield tag="975" ind1=" " ind2=" "><subfield code="a">s</subfield></datafield><datafield tag="999" ind1=" " ind2=" "><subfield code="a">elect</subfield><subfield code="b">1</subfield><subfield code="d">m</subfield><subfield code="e">a</subfield><subfield code="f">s</subfield></datafield></record>