<record><leader>00556nam  2200205 a 4500</leader><controlfield tag="001">99191686620001161</controlfield><controlfield tag="005">20140815141305.0</controlfield><controlfield tag="008">121103</controlfield><datafield tag="035" ind1=" " ind2=" "><subfield code="a">MK1HB363</subfield></datafield><datafield tag="100" ind1="1" ind2="2"><subfield code="a">Jacobsen, Paula.</subfield></datafield><datafield tag="245" ind1=" " ind2="0"><subfield code="a">THEORY OF MIND, EXECUTIVE FUNCTIONING, AND CENTRAL COHERENCE IN ASPERGER SYNDROME.</subfield></datafield><datafield tag="260" ind1="1" ind2=" "><subfield code="a">2006.</subfield></datafield><datafield tag="562" ind1=" " ind2=" "><subfield code="a">mugcro</subfield></datafield><datafield tag="856" ind1="4" ind2="0"><subfield code="u">http://digilib.bu.edu/bucr/archive/files/55a2cc80ebf9ad5866a7668e1fcce956.PDF</subfield></datafield><datafield tag="902" ind1="2" ind2=" "><subfield code="a">suppressed</subfield></datafield><datafield tag="902" ind1=" " ind2=" "><subfield code="a">mugcro</subfield></datafield><datafield tag="907" ind1=" " ind2=" "><subfield code="a">.b27044816</subfield></datafield><datafield tag="907" ind1=" " ind2=" "><subfield code="a">.b27044816</subfield></datafield><datafield tag="975" ind1=" " ind2=" "><subfield code="a">s</subfield></datafield><datafield tag="999" ind1=" " ind2=" "><subfield code="a">elect</subfield><subfield code="b">0</subfield><subfield code="d">m</subfield><subfield code="e">v</subfield><subfield code="f">s</subfield></datafield></record>