<record><leader>00608nam  2200193 a 4500</leader><controlfield tag="001">99191862480001161</controlfield><controlfield tag="005">20130808155251.0</controlfield><controlfield tag="008">121103</controlfield><datafield tag="100" ind1="1" ind2="2"><subfield code="a">Friedman, Steven,</subfield><subfield code="d">1945-</subfield></datafield><datafield tag="245" ind1=" " ind2="0"><subfield code="a">COGNITIVE BEHAVIORAL TREATMENT OF PANIC DISORDER AND AGORAPHOBIA IN  A MULTIETHNIC URBAN OUTPATIENT CLINIC: INITIAL PRESENTATION AND TREATMENT OUTCOME.</subfield></datafield><datafield tag="260" ind1="1" ind2=" "><subfield code="a">2007.</subfield></datafield><datafield tag="562" ind1=" " ind2=" "><subfield code="a">mugcro</subfield></datafield><datafield tag="856" ind1="4" ind2="0"><subfield code="u">http://digilib.bu.edu/bucr/archive/files/f7f10aa588ba4d14642bfd5a5228f842.PDF</subfield></datafield><datafield tag="902" ind1="2" ind2=" "><subfield code="a">suppressed</subfield></datafield><datafield tag="902" ind1=" " ind2=" "><subfield code="a">mugcro</subfield></datafield><datafield tag="907" ind1=" " ind2=" "><subfield code="a">.b2738410x</subfield></datafield><datafield tag="907" ind1=" " ind2=" "><subfield code="a">.b2738410x</subfield></datafield><datafield tag="975" ind1=" " ind2=" "><subfield code="a">s</subfield></datafield><datafield tag="999" ind1=" " ind2=" "><subfield code="a">elect</subfield><subfield code="b">0</subfield><subfield code="d">m</subfield><subfield code="e">a</subfield><subfield code="f">s</subfield></datafield></record>