<record><leader>00503nam  2200193 a 4500</leader><controlfield tag="001">99190612580001161</controlfield><controlfield tag="005">20130812225646.0</controlfield><controlfield tag="008">121103</controlfield><datafield tag="035" ind1=" " ind2=" "><subfield code="a">MK1208</subfield></datafield><datafield tag="100" ind1="1" ind2="2"><subfield code="a">HARTMAN, ANN.</subfield></datafield><datafield tag="245" ind1=" " ind2="0"><subfield code="a">DIAGRAMMATIC ASSESSMENT OF FAMILY RELATIONSHIPS.</subfield></datafield><datafield tag="562" ind1=" " ind2=" "><subfield code="a">mugcro</subfield></datafield><datafield tag="856" ind1="4" ind2="0"><subfield code="u">http://digilib.bu.edu/bucr/archive/files/3c4ec6f31b1d3c3278775ad400b85173.PDF</subfield></datafield><datafield tag="902" ind1="2" ind2=" "><subfield code="a">suppressed</subfield></datafield><datafield tag="902" ind1=" " ind2=" "><subfield code="a">mugcro</subfield></datafield><datafield tag="907" ind1=" " ind2=" "><subfield code="a">.b1817596x</subfield></datafield><datafield tag="907" ind1=" " ind2=" "><subfield code="a">.b1817596x</subfield></datafield><datafield tag="975" ind1=" " ind2=" "><subfield code="a">s</subfield></datafield><datafield tag="999" ind1=" " ind2=" "><subfield code="a">elect</subfield><subfield code="b">1</subfield><subfield code="c">901017</subfield><subfield code="d">-</subfield><subfield code="e">v</subfield><subfield code="f">s</subfield></datafield></record>