<record><leader>00493nam  2200193 a 4500</leader><controlfield tag="001">99193085480001161</controlfield><controlfield tag="005">20140827111015.0</controlfield><controlfield tag="008">121103</controlfield><datafield tag="035" ind1=" " ind2=" "><subfield code="a">MK1HI148</subfield></datafield><datafield tag="100" ind1=" " ind2=" "><subfield code="a">JAY, MARTIN.</subfield></datafield><datafield tag="245" ind1=" " ind2="4"><subfield code="a">THE TEXTUAL APPROACH TO INTELLECTUAL HISTORY.</subfield></datafield><datafield tag="562" ind1=" " ind2=" "><subfield code="a">mugcro</subfield></datafield><datafield tag="856" ind1="4" ind2="0"><subfield code="u">http://digilib.bu.edu/bucr/archive/files/df6e8bcdaa5067f0837bedd36cfc406e.PDF</subfield></datafield><datafield tag="902" ind1="2" ind2=" "><subfield code="a">suppressed</subfield></datafield><datafield tag="902" ind1=" " ind2=" "><subfield code="a">mugcro</subfield></datafield><datafield tag="907" ind1=" " ind2=" "><subfield code="a">.b24054288</subfield></datafield><datafield tag="907" ind1=" " ind2=" "><subfield code="a">.b24054288</subfield></datafield><datafield tag="975" ind1=" " ind2=" "><subfield code="a">s</subfield></datafield><datafield tag="999" ind1=" " ind2=" "><subfield code="a">elect</subfield><subfield code="b">1</subfield><subfield code="d">m</subfield><subfield code="e">v</subfield><subfield code="f">s</subfield></datafield></record>