<record><leader>00486nam  2200193 a 4500</leader><controlfield tag="001">99193282880001161</controlfield><controlfield tag="005">20150611104332.0</controlfield><controlfield tag="008">121103</controlfield><datafield tag="049" ind1=" " ind2=" "><subfield code="a">BOTN</subfield></datafield><datafield tag="100" ind1="1" ind2="2"><subfield code="a">WALT, STEPHEN M.,</subfield><subfield code="d">1955-</subfield></datafield><datafield tag="245" ind1=" " ind2="0"><subfield code="a">ALLIANCES IN A UNIPOLAR WORLD.</subfield></datafield><datafield tag="562" ind1=" " ind2=" "><subfield code="a">mugcro</subfield></datafield><datafield tag="856" ind1="4" ind2="0"><subfield code="u">http://digilib.bu.edu/bucr/archive/files/a57c3a6723ed86f4f7522639fe23b299.PDF</subfield></datafield><datafield tag="902" ind1="2" ind2=" "><subfield code="a">suppressed</subfield></datafield><datafield tag="902" ind1=" " ind2=" "><subfield code="a">mugcro</subfield></datafield><datafield tag="907" ind1=" " ind2=" "><subfield code="a">.b3679286x</subfield></datafield><datafield tag="907" ind1=" " ind2=" "><subfield code="a">.b3679286x</subfield></datafield><datafield tag="975" ind1=" " ind2=" "><subfield code="a">s</subfield></datafield><datafield tag="999" ind1=" " ind2=" "><subfield code="a">elect</subfield><subfield code="b">0</subfield><subfield code="d">m</subfield><subfield code="e">v</subfield><subfield code="f">s</subfield></datafield></record>