<record><leader>00506nam  2200193 a 4500</leader><controlfield tag="001">99193273570001161</controlfield><controlfield tag="005">20130801030931.0</controlfield><controlfield tag="008">121103</controlfield><datafield tag="035" ind1=" " ind2=" "><subfield code="a">MK1CP855</subfield></datafield><datafield tag="100" ind1="1" ind2="2"><subfield code="a">Nosko, Anna.</subfield></datafield><datafield tag="245" ind1=" " ind2="0"><subfield code="a">ADVENTURES IN CO-LEADERSHIP IN SOCIAL GROUP WORK PRACTICE.</subfield></datafield><datafield tag="562" ind1=" " ind2=" "><subfield code="a">mugcro</subfield></datafield><datafield tag="856" ind1="4" ind2="0"><subfield code="u">http://digilib.bu.edu/bucr/archive/files/43c9ceac56a57d7777113569ac9fd47d.PDF</subfield></datafield><datafield tag="902" ind1="2" ind2=" "><subfield code="a">suppressed</subfield></datafield><datafield tag="902" ind1=" " ind2=" "><subfield code="a">mugcro</subfield></datafield><datafield tag="907" ind1=" " ind2=" "><subfield code="a">.b33154995</subfield></datafield><datafield tag="907" ind1=" " ind2=" "><subfield code="a">.b33154995</subfield></datafield><datafield tag="975" ind1=" " ind2=" "><subfield code="a">s</subfield></datafield><datafield tag="999" ind1=" " ind2=" "><subfield code="a">elect</subfield><subfield code="b">0</subfield><subfield code="d">m</subfield><subfield code="e">v</subfield><subfield code="f">s</subfield></datafield></record>