<record><leader>00444nam  2200181 a 4500</leader><controlfield tag="001">99192887670001161</controlfield><controlfield tag="005">20150310100715.0</controlfield><controlfield tag="008">121103</controlfield><datafield tag="035" ind1=" " ind2=" "><subfield code="a">MK1AH180</subfield></datafield><datafield tag="049" ind1=" " ind2=" "><subfield code="a">BOTN</subfield></datafield><datafield tag="100" ind1="1" ind2="2"><subfield code="a">SILVER, KENNETH E.</subfield></datafield><datafield tag="245" ind1=" " ind2="0"><subfield code="a">BLUE HORIZONS.</subfield></datafield><datafield tag="562" ind1=" " ind2=" "><subfield code="a">mugcro</subfield></datafield><datafield tag="856" ind1="4" ind2=" "><subfield code="u">http://digilib.bu.edu/bucr/archive/files/b11a0583f08a6cfa06a01cf5a03211d0.PDF</subfield></datafield><datafield tag="902" ind1="2" ind2=" "><subfield code="a">suppressed</subfield></datafield><datafield tag="902" ind1=" " ind2=" "><subfield code="a">mugcro</subfield></datafield><datafield tag="907" ind1=" " ind2=" "><subfield code="a">.b38919965</subfield></datafield><datafield tag="999" ind1=" " ind2=" "><subfield code="a">multi</subfield><subfield code="b">0</subfield><subfield code="d">m</subfield><subfield code="e">v</subfield><subfield code="f">s</subfield></datafield></record>