<record><leader>00518nam  2200193 a 4500</leader><controlfield tag="001">99193303540001161</controlfield><controlfield tag="005">20150610151236.0</controlfield><controlfield tag="008">121103</controlfield><datafield tag="049" ind1=" " ind2=" "><subfield code="a">BOTN</subfield></datafield><datafield tag="100" ind1="1" ind2="2"><subfield code="a">BOQUERAT, GILLES.</subfield></datafield><datafield tag="245" ind1=" " ind2="0"><subfield code="a">AMERICAN AND SOVIET AID POLICIES TOWARDS INDIA, 1947-1966:  A REVIEW.</subfield></datafield><datafield tag="562" ind1=" " ind2=" "><subfield code="a">mugcro</subfield></datafield><datafield tag="856" ind1="4" ind2="0"><subfield code="u">http://digilib.bu.edu/bucr/archive/files/aaf33a6a62464143ef7ddb492f28c168.PDF</subfield></datafield><datafield tag="902" ind1="2" ind2=" "><subfield code="a">suppressed</subfield></datafield><datafield tag="902" ind1=" " ind2=" "><subfield code="a">mugcro</subfield></datafield><datafield tag="907" ind1=" " ind2=" "><subfield code="a">.b36792834</subfield></datafield><datafield tag="907" ind1=" " ind2=" "><subfield code="a">.b36792834</subfield></datafield><datafield tag="975" ind1=" " ind2=" "><subfield code="a">s</subfield></datafield><datafield tag="999" ind1=" " ind2=" "><subfield code="a">elect</subfield><subfield code="b">0</subfield><subfield code="d">m</subfield><subfield code="e">v</subfield><subfield code="f">s</subfield></datafield></record>