<record><leader>00481nam  2200193 a 4500</leader><controlfield tag="001">99193114110001161</controlfield><controlfield tag="005">20140814115811.0</controlfield><controlfield tag="008">121103</controlfield><datafield tag="035" ind1=" " ind2=" "><subfield code="a">MK1238</subfield></datafield><datafield tag="100" ind1="1" ind2="2"><subfield code="a">Gilder, George F.,</subfield><subfield code="d">1939-</subfield></datafield><datafield tag="245" ind1=" " ind2="4"><subfield code="a">THE NATURE OF POVERTY.</subfield></datafield><datafield tag="562" ind1=" " ind2=" "><subfield code="a">mugcro</subfield></datafield><datafield tag="856" ind1="4" ind2="0"><subfield code="u">http://digilib.bu.edu/bucr/archive/files/45a64ab240b8f8df72fb92d0edc754f8.PDF</subfield></datafield><datafield tag="902" ind1="2" ind2=" "><subfield code="a">suppressed</subfield></datafield><datafield tag="902" ind1=" " ind2=" "><subfield code="a">mugcro</subfield></datafield><datafield tag="907" ind1=" " ind2=" "><subfield code="a">.b21799131</subfield></datafield><datafield tag="907" ind1=" " ind2=" "><subfield code="a">.b21799131</subfield></datafield><datafield tag="975" ind1=" " ind2=" "><subfield code="a">s</subfield></datafield><datafield tag="999" ind1=" " ind2=" "><subfield code="a">elect</subfield><subfield code="b">1</subfield><subfield code="d">m</subfield><subfield code="e">v</subfield><subfield code="f">s</subfield></datafield></record>