<record><leader>00509nam  2200193 a 4500</leader><controlfield tag="001">99193325780001161</controlfield><controlfield tag="005">20150610152522.0</controlfield><controlfield tag="008">121103</controlfield><datafield tag="049" ind1=" " ind2=" "><subfield code="a">BOTN</subfield></datafield><datafield tag="100" ind1="1" ind2="2"><subfield code="a">RISSE-KAPPEN, THOMAS.</subfield></datafield><datafield tag="245" ind1=" " ind2="0"><subfield code="a">BRINGING TRANSNATIONAL RELATIONS BACK IN:  INTRODUCTION.</subfield></datafield><datafield tag="562" ind1=" " ind2=" "><subfield code="a">mugcro</subfield></datafield><datafield tag="856" ind1="4" ind2="0"><subfield code="u">http://digilib.bu.edu/bucr/archive/files/74af05b7514772fd6b92d00cf70e4cee.PDF</subfield></datafield><datafield tag="902" ind1="2" ind2=" "><subfield code="a">suppressed</subfield></datafield><datafield tag="902" ind1=" " ind2=" "><subfield code="a">mugcro</subfield></datafield><datafield tag="907" ind1=" " ind2=" "><subfield code="a">.b36792822</subfield></datafield><datafield tag="907" ind1=" " ind2=" "><subfield code="a">.b36792822</subfield></datafield><datafield tag="975" ind1=" " ind2=" "><subfield code="a">s</subfield></datafield><datafield tag="999" ind1=" " ind2=" "><subfield code="a">elect</subfield><subfield code="b">0</subfield><subfield code="d">m</subfield><subfield code="e">v</subfield><subfield code="f">s</subfield></datafield></record>