<record><leader>00490nam  2200181 a 4500</leader><controlfield tag="001">99192888000001161</controlfield><controlfield tag="005">20130813003742.0</controlfield><controlfield tag="008">121103</controlfield><datafield tag="035" ind1=" " ind2=" "><subfield code="a">MK1CP1093</subfield></datafield><datafield tag="049" ind1=" " ind2=" "><subfield code="a">BOTN</subfield></datafield><datafield tag="100" ind1="1" ind2="2"><subfield code="a">WOLIN, SYBIL.</subfield></datafield><datafield tag="245" ind1=" " ind2="0"><subfield code="a">RESILIENCE AMONG YOUTH GROWING UP IN SUBSTANCE ABUSING FAMILIES.</subfield></datafield><datafield tag="562" ind1=" " ind2=" "><subfield code="a">mugcro</subfield></datafield><datafield tag="856" ind1="4" ind2=" "><subfield code="u">http://digilib.bu.edu/bucr/archive/files/e8a6fef0980deaaa8c203b61146657ce.PDF</subfield></datafield><datafield tag="902" ind1="2" ind2=" "><subfield code="a">suppressed</subfield></datafield><datafield tag="902" ind1=" " ind2=" "><subfield code="a">mugcro</subfield></datafield><datafield tag="907" ind1=" " ind2=" "><subfield code="a">.b38922575</subfield></datafield><datafield tag="999" ind1=" " ind2=" "><subfield code="a">multi</subfield><subfield code="b">0</subfield><subfield code="d">m</subfield><subfield code="e">v</subfield><subfield code="f">s</subfield></datafield></record>