<record><leader>00575nam  2200205 a 4500</leader><controlfield tag="001">99191873130001161</controlfield><controlfield tag="005">20140814144518.0</controlfield><controlfield tag="008">121103</controlfield><datafield tag="035" ind1=" " ind2=" "><subfield code="a">MK1CP736</subfield></datafield><datafield tag="100" ind1="1" ind2="2"><subfield code="a">SHIN, SUNNY HYUCKSUN.</subfield></datafield><datafield tag="245" ind1=" " ind2="0"><subfield code="a">INJECTION DRUG USE AMONG ADOLESCENTS AND YOUNG ADULTS: SCOPE OF THE PROBLEM AND RECOMMENDATIONS.</subfield></datafield><datafield tag="260" ind1="1" ind2=" "><subfield code="a">2007.</subfield></datafield><datafield tag="562" ind1=" " ind2=" "><subfield code="a">mugcro</subfield></datafield><datafield tag="856" ind1="4" ind2="0"><subfield code="u">http://digilib.bu.edu/bucr/archive/files/b0384500bda6d0ca174ed2d0f76bc2ef.PDF</subfield></datafield><datafield tag="902" ind1="2" ind2=" "><subfield code="a">suppressed</subfield></datafield><datafield tag="902" ind1=" " ind2=" "><subfield code="a">mugcro</subfield></datafield><datafield tag="907" ind1=" " ind2=" "><subfield code="a">.b27386399</subfield></datafield><datafield tag="907" ind1=" " ind2=" "><subfield code="a">.b27386399</subfield></datafield><datafield tag="975" ind1=" " ind2=" "><subfield code="a">s</subfield></datafield><datafield tag="999" ind1=" " ind2=" "><subfield code="a">elect</subfield><subfield code="b">0</subfield><subfield code="d">m</subfield><subfield code="e">a</subfield><subfield code="f">s</subfield></datafield></record>