<record><leader>00546nam  2200205 a 4500</leader><controlfield tag="001">99192858260001161</controlfield><controlfield tag="005">20130731154527.0</controlfield><controlfield tag="008">121103</controlfield><datafield tag="035" ind1=" " ind2=" "><subfield code="a">MK1CP748</subfield></datafield><datafield tag="100" ind1="1" ind2="2"><subfield code="a">Harvey, Allison G.,</subfield><subfield code="d">1968-</subfield></datafield><datafield tag="245" ind1=" " ind2="0"><subfield code="a">COGNITIVE BEHAVIOUR THERAPY FOR POSTTRAUMATIC STRESS DISORDER.</subfield></datafield><datafield tag="260" ind1="1" ind2=" "><subfield code="a">2007.</subfield></datafield><datafield tag="562" ind1=" " ind2=" "><subfield code="a">mugcro</subfield></datafield><datafield tag="856" ind1="4" ind2="0"><subfield code="u">http://digilib.bu.edu/bucr/archive/files/3a7047a8e79acd85f579c970db4228cb.PDF</subfield></datafield><datafield tag="902" ind1="2" ind2=" "><subfield code="a">suppressed</subfield></datafield><datafield tag="902" ind1=" " ind2=" "><subfield code="a">mugcro</subfield></datafield><datafield tag="907" ind1=" " ind2=" "><subfield code="a">.b27404559</subfield></datafield><datafield tag="907" ind1=" " ind2=" "><subfield code="a">.b27404559</subfield></datafield><datafield tag="975" ind1=" " ind2=" "><subfield code="a">s</subfield></datafield><datafield tag="999" ind1=" " ind2=" "><subfield code="a">elect</subfield><subfield code="b">0</subfield><subfield code="d">m</subfield><subfield code="e">a</subfield><subfield code="f">s</subfield></datafield></record>