<record><leader>00559nam  2200205 a 4500</leader><controlfield tag="001">99191886360001161</controlfield><controlfield tag="005">20130812224036.0</controlfield><controlfield tag="008">121103</controlfield><datafield tag="035" ind1=" " ind2=" "><subfield code="a">MK1CP727</subfield></datafield><datafield tag="100" ind1="1" ind2="2"><subfield code="a">BLUNDO, ROBERT G.</subfield></datafield><datafield tag="245" ind1=" " ind2="0"><subfield code="a">LEARNING STRENGTHS-BASED PRACTICE: CHALLENGING OUR PERSONAL AND PROFESSIONAL FRAMES.</subfield></datafield><datafield tag="260" ind1="1" ind2=" "><subfield code="a">2007.</subfield></datafield><datafield tag="562" ind1=" " ind2=" "><subfield code="a">mugcro</subfield></datafield><datafield tag="856" ind1="4" ind2="0"><subfield code="u">http://digilib.bu.edu/bucr/archive/files/228dfb064edbf922d7d29afdd0b82991.PDF</subfield></datafield><datafield tag="902" ind1="2" ind2=" "><subfield code="a">suppressed</subfield></datafield><datafield tag="902" ind1=" " ind2=" "><subfield code="a">mugcro</subfield></datafield><datafield tag="907" ind1=" " ind2=" "><subfield code="a">.b27384056</subfield></datafield><datafield tag="907" ind1=" " ind2=" "><subfield code="a">.b27384056</subfield></datafield><datafield tag="975" ind1=" " ind2=" "><subfield code="a">s</subfield></datafield><datafield tag="999" ind1=" " ind2=" "><subfield code="a">elect</subfield><subfield code="b">0</subfield><subfield code="d">m</subfield><subfield code="e">a</subfield><subfield code="f">s</subfield></datafield></record>