<record><leader>00474nam  2200181 a 4500</leader><controlfield tag="001">99192719440001161</controlfield><controlfield tag="005">20130731193244.0</controlfield><controlfield tag="008">121103</controlfield><datafield tag="035" ind1=" " ind2=" "><subfield code="a">MK1201</subfield></datafield><datafield tag="100" ind1="1" ind2="2"><subfield code="a">GUTIERREZ, LORRAINE M (LORRAINE MARGOT)</subfield></datafield><datafield tag="245" ind1=" " ind2="0"><subfield code="a">WORKING WITH WOMEN OF COLOR.</subfield></datafield><datafield tag="562" ind1=" " ind2=" "><subfield code="a">mugcro</subfield></datafield><datafield tag="856" ind1="4" ind2="0"><subfield code="u">http://digilib.bu.edu/bucr/archive/files/7ac0986136e0ad2d6f9f1d88220cef83.PDF</subfield></datafield><datafield tag="902" ind1="2" ind2=" "><subfield code="a">suppressed</subfield></datafield><datafield tag="902" ind1=" " ind2=" "><subfield code="a">mugcro</subfield></datafield><datafield tag="907" ind1=" " ind2=" "><subfield code="a">.b22489289</subfield></datafield><datafield tag="975" ind1=" " ind2=" "><subfield code="a">s</subfield></datafield><datafield tag="999" ind1=" " ind2=" "><subfield code="a">elect</subfield><subfield code="b">1</subfield><subfield code="d">m</subfield><subfield code="e">v</subfield><subfield code="f">s</subfield></datafield></record>