<record><leader>00522nam  2200193 a 4500</leader><controlfield tag="001">99192822110001161</controlfield><controlfield tag="005">20130802143544.0</controlfield><controlfield tag="008">121103</controlfield><datafield tag="100" ind1="1" ind2="2"><subfield code="a">COHEN, JUDITH A.</subfield></datafield><datafield tag="245" ind1=" " ind2="0"><subfield code="a">TRAUMA-FOCUSED COGNITIVE BEHAVIORAL THERAPY FOR CHILDREN AND ADOLESCENTS.</subfield></datafield><datafield tag="260" ind1="1" ind2=" "><subfield code="a">2007.</subfield></datafield><datafield tag="562" ind1=" " ind2=" "><subfield code="a">mugcro</subfield></datafield><datafield tag="856" ind1="4" ind2="0"><subfield code="u">http://digilib.bu.edu/bucr/archive/files/2fa73faa73e0ad99856196b156d69a47.PDF</subfield></datafield><datafield tag="902" ind1="2" ind2=" "><subfield code="a">suppressed</subfield></datafield><datafield tag="902" ind1=" " ind2=" "><subfield code="a">mugcro</subfield></datafield><datafield tag="907" ind1=" " ind2=" "><subfield code="a">.b27404523</subfield></datafield><datafield tag="907" ind1=" " ind2=" "><subfield code="a">.b27404523</subfield></datafield><datafield tag="975" ind1=" " ind2=" "><subfield code="a">s</subfield></datafield><datafield tag="999" ind1=" " ind2=" "><subfield code="a">elect</subfield><subfield code="b">0</subfield><subfield code="d">m</subfield><subfield code="e">a</subfield><subfield code="f">s</subfield></datafield></record>