<record><leader>00683nam  2200205 a 4500</leader><controlfield tag="001">99192858050001161</controlfield><controlfield tag="005">20130731154517.0</controlfield><controlfield tag="008">121103</controlfield><datafield tag="035" ind1=" " ind2=" "><subfield code="a">MK1CP761</subfield></datafield><datafield tag="100" ind1="1" ind2="2"><subfield code="a">Organista, Kurt, C.</subfield></datafield><datafield tag="245" ind1=" " ind2="0"><subfield code="a">CLINICAL CASE MANAGEMENT AND COGNITIVE-BEHAVIORAL THERAPY: INTEGRATED PSYCHOSOCIAL SERVICES FOR DEPRESSED LATINO PRIMARY CARE PATIENTS.  CROSS-CULTURAL PRACTICE OF CLINICAL CASE MANAGEMENT IN MENTAL HEALTH.</subfield></datafield><datafield tag="260" ind1="1" ind2=" "><subfield code="a">2007.</subfield></datafield><datafield tag="562" ind1=" " ind2=" "><subfield code="a">mugcro</subfield></datafield><datafield tag="856" ind1="4" ind2="0"><subfield code="u">http://digilib.bu.edu/bucr/archive/files/b8f4b5d9a78c39466159027ad019ade1.PDF</subfield></datafield><datafield tag="902" ind1="2" ind2=" "><subfield code="a">suppressed</subfield></datafield><datafield tag="902" ind1=" " ind2=" "><subfield code="a">mugcro</subfield></datafield><datafield tag="907" ind1=" " ind2=" "><subfield code="a">.b27411035</subfield></datafield><datafield tag="907" ind1=" " ind2=" "><subfield code="a">.b27411035</subfield></datafield><datafield tag="975" ind1=" " ind2=" "><subfield code="a">s</subfield></datafield><datafield tag="999" ind1=" " ind2=" "><subfield code="a">elect</subfield><subfield code="b">0</subfield><subfield code="d">m</subfield><subfield code="e">a</subfield><subfield code="f">s</subfield></datafield></record>