<record><leader>00501nam  2200193 a 4500</leader><controlfield tag="001">99192589450001161</controlfield><controlfield tag="005">20130812233212.0</controlfield><controlfield tag="008">121103</controlfield><datafield tag="035" ind1=" " ind2=" "><subfield code="a">MK1CP205</subfield></datafield><datafield tag="100" ind1="1" ind2="2"><subfield code="a">BUDMAN, SIMON H.</subfield></datafield><datafield tag="245" ind1=" " ind2="4"><subfield code="a">THE PRACTICE OF BRIEF THERAPY :</subfield><subfield code="b">AN INTRODUCTION.</subfield></datafield><datafield tag="562" ind1=" " ind2=" "><subfield code="a">mugcro</subfield></datafield><datafield tag="856" ind1="4" ind2="0"><subfield code="u">http://digilib.bu.edu/bucr/archive/files/b8210ab4c8a729711edfad6ee28bcb0b.PDF</subfield></datafield><datafield tag="902" ind1="2" ind2=" "><subfield code="a">suppressed</subfield></datafield><datafield tag="902" ind1=" " ind2=" "><subfield code="a">mugcro</subfield></datafield><datafield tag="907" ind1=" " ind2=" "><subfield code="a">.b19925566</subfield></datafield><datafield tag="907" ind1=" " ind2=" "><subfield code="a">.b19925566</subfield></datafield><datafield tag="975" ind1=" " ind2=" "><subfield code="a">s</subfield></datafield><datafield tag="999" ind1=" " ind2=" "><subfield code="a">elect</subfield><subfield code="b">1</subfield><subfield code="d">m</subfield><subfield code="e">v</subfield><subfield code="f">s</subfield></datafield></record>