<record><leader>00503nam  2200205 a 4500</leader><controlfield tag="001">99191898460001161</controlfield><controlfield tag="005">20130812212427.0</controlfield><controlfield tag="008">121103</controlfield><datafield tag="035" ind1=" " ind2=" "><subfield code="a">MK1CP722</subfield></datafield><datafield tag="100" ind1="1" ind2="2"><subfield code="a">KREILKAMP, THOMAS, 1941-</subfield></datafield><datafield tag="245" ind1=" " ind2="0"><subfield code="a">IMPORTANCE OF ACTION.</subfield></datafield><datafield tag="260" ind1="1" ind2=" "><subfield code="a">2007.</subfield></datafield><datafield tag="562" ind1=" " ind2=" "><subfield code="a">mugcro</subfield></datafield><datafield tag="856" ind1="4" ind2="0"><subfield code="u">http://digilib.bu.edu/bucr/archive/files/1e91d3ff136a2bc7a7ab0d2bd64565d4.PDF</subfield></datafield><datafield tag="902" ind1="2" ind2=" "><subfield code="a">suppressed</subfield></datafield><datafield tag="902" ind1=" " ind2=" "><subfield code="a">mugcro</subfield></datafield><datafield tag="907" ind1=" " ind2=" "><subfield code="a">.b27383970</subfield></datafield><datafield tag="907" ind1=" " ind2=" "><subfield code="a">.b27383970</subfield></datafield><datafield tag="975" ind1=" " ind2=" "><subfield code="a">s</subfield></datafield><datafield tag="999" ind1=" " ind2=" "><subfield code="a">elect</subfield><subfield code="b">0</subfield><subfield code="d">m</subfield><subfield code="e">a</subfield><subfield code="f">s</subfield></datafield></record>