<record><leader>00554nam  2200205 a 4500</leader><controlfield tag="001">99191883670001161</controlfield><controlfield tag="005">20141216121324.0</controlfield><controlfield tag="008">121103</controlfield><datafield tag="035" ind1=" " ind2=" "><subfield code="a">MK1HB402</subfield></datafield><datafield tag="100" ind1="1" ind2="2"><subfield code="a">Belle, Deborah.</subfield></datafield><datafield tag="245" ind1=" " ind2="0"><subfield code="a">POVERTY, INEQUALITY, AND DISCRIMINATION AS SOURCES OF DEPRESSION AMONG U.S. WOMEN.</subfield></datafield><datafield tag="260" ind1="1" ind2=" "><subfield code="a">2003</subfield></datafield><datafield tag="562" ind1=" " ind2=" "><subfield code="a">mugcro</subfield></datafield><datafield tag="856" ind1="4" ind2="0"><subfield code="u">http://digilib.bu.edu/bucr/archive/files/f459b1939e6abb04ec10cad6336bc573.PDF</subfield></datafield><datafield tag="902" ind1="2" ind2=" "><subfield code="a">suppressed</subfield></datafield><datafield tag="902" ind1=" " ind2=" "><subfield code="a">mugcro</subfield></datafield><datafield tag="907" ind1=" " ind2=" "><subfield code="a">.b27694252</subfield></datafield><datafield tag="907" ind1=" " ind2=" "><subfield code="a">.b27694252</subfield></datafield><datafield tag="975" ind1=" " ind2=" "><subfield code="a">s</subfield></datafield><datafield tag="999" ind1=" " ind2=" "><subfield code="a">elect</subfield><subfield code="b">0</subfield><subfield code="d">m</subfield><subfield code="e">v</subfield><subfield code="f">s</subfield></datafield></record>