<record><leader>00540nam  2200181 a 4500</leader><controlfield tag="001">99192872560001161</controlfield><controlfield tag="005">20130812230011.0</controlfield><controlfield tag="008">121103</controlfield><datafield tag="035" ind1=" " ind2=" "><subfield code="a">MK1HB1100</subfield></datafield><datafield tag="049" ind1=" " ind2=" "><subfield code="a">BOTN</subfield></datafield><datafield tag="100" ind1="1" ind2="2"><subfield code="a">LOMBARDI, EMILIA L.</subfield></datafield><datafield tag="245" ind1=" " ind2="0"><subfield code="a">BUILDING CULTURALLY SENSITIVE SUBSTANCE USE PREVENTION AND TREATMENT PROGRAMS FOR TRANSGENDERED POPULATIONS.</subfield></datafield><datafield tag="562" ind1=" " ind2=" "><subfield code="a">mugcro</subfield></datafield><datafield tag="856" ind1="4" ind2=" "><subfield code="u">http://digilib.bu.edu/bucr/archive/files/3d1600c3e7e02d50e6b94e94b41fb3e7.PDF</subfield></datafield><datafield tag="902" ind1="2" ind2=" "><subfield code="a">suppressed</subfield></datafield><datafield tag="902" ind1=" " ind2=" "><subfield code="a">mugcro</subfield></datafield><datafield tag="907" ind1=" " ind2=" "><subfield code="a">.b38919096</subfield></datafield><datafield tag="999" ind1=" " ind2=" "><subfield code="a">multi</subfield><subfield code="b">0</subfield><subfield code="d">m</subfield><subfield code="e">v</subfield><subfield code="f">s</subfield></datafield></record>