<record><leader>00508nam  2200193 a 4500</leader><controlfield tag="001">99192179800001161</controlfield><controlfield tag="005">20130731154324.0</controlfield><controlfield tag="008">121103</controlfield><datafield tag="035" ind1=" " ind2=" "><subfield code="a">MK1204</subfield></datafield><datafield tag="100" ind1="1" ind2="2"><subfield code="a">DE JONG, PETER Y (PETER YMEN), 1915-</subfield></datafield><datafield tag="245" ind1=" " ind2="0"><subfield code="a">HOW TO INTERVIEW FOR CLIENT STRENGTHS.</subfield></datafield><datafield tag="562" ind1=" " ind2=" "><subfield code="a">mugcro</subfield></datafield><datafield tag="856" ind1="4" ind2="0"><subfield code="u">http://digilib.bu.edu/bucr/archive/files/d9a8aab6975642bfd390638aa0e5c97e.PDF</subfield></datafield><datafield tag="902" ind1="2" ind2=" "><subfield code="a">suppressed</subfield></datafield><datafield tag="902" ind1=" " ind2=" "><subfield code="a">mugcro</subfield></datafield><datafield tag="907" ind1=" " ind2=" "><subfield code="a">.b21235107</subfield></datafield><datafield tag="907" ind1=" " ind2=" "><subfield code="a">.b21235107</subfield></datafield><datafield tag="975" ind1=" " ind2=" "><subfield code="a">s</subfield></datafield><datafield tag="999" ind1=" " ind2=" "><subfield code="a">elect</subfield><subfield code="b">1</subfield><subfield code="d">m</subfield><subfield code="e">v</subfield><subfield code="f">s</subfield></datafield></record>