<record><leader>00539nam  2200193 a 4500</leader><controlfield tag="001">99191886090001161</controlfield><controlfield tag="005">20130812224031.0</controlfield><controlfield tag="008">121103</controlfield><datafield tag="100" ind1="1" ind2="2"><subfield code="a">Williams, J. Mark G.</subfield></datafield><datafield tag="245" ind1=" " ind2="0"><subfield code="a">MINDFULNESS-BASED COGNITIVE THERAPY FOR PREVENTION OF RECURRENCE OF SUICIDAL BEHAVIOR.</subfield></datafield><datafield tag="260" ind1="1" ind2=" "><subfield code="a">2007.</subfield></datafield><datafield tag="562" ind1=" " ind2=" "><subfield code="a">mugcro</subfield></datafield><datafield tag="856" ind1="4" ind2="0"><subfield code="u">http://digilib.bu.edu/bucr/archive/files/6452e5d25c975d824d983fd0160e9d3d.PDF</subfield></datafield><datafield tag="902" ind1="2" ind2=" "><subfield code="a">suppressed</subfield></datafield><datafield tag="902" ind1=" " ind2=" "><subfield code="a">mugcro</subfield></datafield><datafield tag="907" ind1=" " ind2=" "><subfield code="a">.b27384123</subfield></datafield><datafield tag="907" ind1=" " ind2=" "><subfield code="a">.b27384123</subfield></datafield><datafield tag="975" ind1=" " ind2=" "><subfield code="a">s</subfield></datafield><datafield tag="999" ind1=" " ind2=" "><subfield code="a">elect</subfield><subfield code="b">0</subfield><subfield code="d">m</subfield><subfield code="e">a</subfield><subfield code="f">s</subfield></datafield></record>