<record><leader>00564nam  2200193 a 4500</leader><controlfield tag="001">99192189600001161</controlfield><controlfield tag="005">20150318144845.0</controlfield><controlfield tag="008">121103</controlfield><datafield tag="035" ind1=" " ind2=" "><subfield code="a">MK1352</subfield></datafield><datafield tag="100" ind1="1" ind2="2"><subfield code="a">Chambon, Adrienne S.,</subfield><subfield code="d">1949-</subfield></datafield><datafield tag="245" ind1=" " ind2="0"><subfield code="a">REFUGEE FAMILIES' EXPERIENCES: THREE FAMILY THEMES--FAMILY DISRUPTION, VIOLENT TRAUMA AND ACCULTATION.</subfield></datafield><datafield tag="562" ind1=" " ind2=" "><subfield code="a">mugcro</subfield></datafield><datafield tag="856" ind1="4" ind2="0"><subfield code="u">http://digilib.bu.edu/bucr/archive/files/7b1cba06cd2ab4f5ee0f49a789faf4e3.PDF</subfield></datafield><datafield tag="902" ind1="2" ind2=" "><subfield code="a">suppressed</subfield></datafield><datafield tag="902" ind1=" " ind2=" "><subfield code="a">mugcro</subfield></datafield><datafield tag="907" ind1=" " ind2=" "><subfield code="a">.b21235211</subfield></datafield><datafield tag="907" ind1=" " ind2=" "><subfield code="a">.b21235211</subfield></datafield><datafield tag="975" ind1=" " ind2=" "><subfield code="a">s</subfield></datafield><datafield tag="999" ind1=" " ind2=" "><subfield code="a">elect</subfield><subfield code="b">1</subfield><subfield code="d">m</subfield><subfield code="e">v</subfield><subfield code="f">s</subfield></datafield></record>