<record><leader>00527nam  2200205 a 4500</leader><controlfield tag="001">99193421830001161</controlfield><controlfield tag="005">20150120114928.0</controlfield><controlfield tag="008">121103</controlfield><datafield tag="035" ind1=" " ind2=" "><subfield code="a">MK1WP172</subfield></datafield><datafield tag="100" ind1="1" ind2="2"><subfield code="a">UNITED STATES PRESIDENT (1989-1993) BUSH.</subfield></datafield><datafield tag="245" ind1=" " ind2="0"><subfield code="a">COMBAT CRIME AND DRUG ABUSE.</subfield></datafield><datafield tag="260" ind1="1" ind2=" "><subfield code="a">2007.</subfield></datafield><datafield tag="562" ind1=" " ind2=" "><subfield code="a">mugcro</subfield></datafield><datafield tag="856" ind1="4" ind2="0"><subfield code="u">http://digilib.bu.edu/bucr/archive/files/61dff8f3bc34547394b6f692a8b7cb53.PDF</subfield></datafield><datafield tag="902" ind1="2" ind2=" "><subfield code="a">suppressed</subfield></datafield><datafield tag="902" ind1=" " ind2=" "><subfield code="a">mugcro</subfield></datafield><datafield tag="907" ind1=" " ind2=" "><subfield code="a">.b27069540</subfield></datafield><datafield tag="907" ind1=" " ind2=" "><subfield code="a">.b27069540</subfield></datafield><datafield tag="975" ind1=" " ind2=" "><subfield code="a">s</subfield></datafield><datafield tag="999" ind1=" " ind2=" "><subfield code="a">elect</subfield><subfield code="b">0</subfield><subfield code="d">m</subfield><subfield code="e">v</subfield><subfield code="f">s</subfield></datafield></record>