<record><leader>00568nam  2200205 a 4500</leader><controlfield tag="001">99193436170001161</controlfield><controlfield tag="005">20150113131226.0</controlfield><controlfield tag="008">121103</controlfield><datafield tag="035" ind1=" " ind2=" "><subfield code="a">MK1SR103</subfield></datafield><datafield tag="100" ind1="1" ind2="2"><subfield code="a">WEISNER, THOMAS S, 1943-</subfield></datafield><datafield tag="245" ind1=" " ind2="0"><subfield code="a">WHY ETHNOGRAPHY SHOULD BE THE MOST IMPORTANT METHOD IN THE STUDY OF HUMAN DEVELOPMENT.</subfield></datafield><datafield tag="260" ind1="1" ind2=" "><subfield code="a">2007.</subfield></datafield><datafield tag="562" ind1=" " ind2=" "><subfield code="a">mugcro</subfield></datafield><datafield tag="856" ind1="4" ind2="0"><subfield code="u">http://digilib.bu.edu/bucr/archive/files/2a92242346ce730e8340fe55a199ad7a.PDF</subfield></datafield><datafield tag="902" ind1="2" ind2=" "><subfield code="a">suppressed</subfield></datafield><datafield tag="902" ind1=" " ind2=" "><subfield code="a">mugcro</subfield></datafield><datafield tag="907" ind1=" " ind2=" "><subfield code="a">.b27072411</subfield></datafield><datafield tag="907" ind1=" " ind2=" "><subfield code="a">.b27072411</subfield></datafield><datafield tag="975" ind1=" " ind2=" "><subfield code="a">s</subfield></datafield><datafield tag="999" ind1=" " ind2=" "><subfield code="a">elect</subfield><subfield code="b">0</subfield><subfield code="d">m</subfield><subfield code="e">v</subfield><subfield code="f">s</subfield></datafield></record>