<record><leader>00501nam  2200193 a 4500</leader><controlfield tag="001">99194245460001161</controlfield><controlfield tag="005">20150312130256.0</controlfield><controlfield tag="008">121103</controlfield><datafield tag="035" ind1=" " ind2=" "><subfield code="a">MK1CP411</subfield></datafield><datafield tag="100" ind1="1" ind2="2"><subfield code="a">GITTERMAN, ALEX,</subfield><subfield code="d">1938-</subfield></datafield><datafield tag="245" ind1=" " ind2="0"><subfield code="a">BUILDING MUTUAL SUPPORT IN GROUPS.</subfield></datafield><datafield tag="562" ind1=" " ind2=" "><subfield code="a">mugcro</subfield></datafield><datafield tag="856" ind1="4" ind2="0"><subfield code="u">http://digilib.bu.edu/bucr/archive/files/daaa8275f5617442714a3a809629775c.PDF</subfield></datafield><datafield tag="902" ind1="2" ind2=" "><subfield code="a">suppressed</subfield></datafield><datafield tag="902" ind1=" " ind2=" "><subfield code="a">mugcro</subfield></datafield><datafield tag="907" ind1=" " ind2=" "><subfield code="a">.b18944309</subfield></datafield><datafield tag="907" ind1=" " ind2=" "><subfield code="a">.b18944309</subfield></datafield><datafield tag="975" ind1=" " ind2=" "><subfield code="a">s</subfield></datafield><datafield tag="999" ind1=" " ind2=" "><subfield code="a">elect</subfield><subfield code="b">1</subfield><subfield code="c">920204</subfield><subfield code="d">-</subfield><subfield code="e">a</subfield><subfield code="f">s</subfield></datafield></record>