<record><leader>00519nam  2200193 a 4500</leader><controlfield tag="001">99194280760001161</controlfield><controlfield tag="005">20150312150531.0</controlfield><controlfield tag="008">121103</controlfield><datafield tag="035" ind1=" " ind2=" "><subfield code="a">MK1CP407</subfield></datafield><datafield tag="100" ind1="1" ind2="2"><subfield code="a">SOLDZ, STEPHEN MICHAEL.</subfield></datafield><datafield tag="245" ind1=" " ind2="0"><subfield code="a">PATIENT ACTIVITY AND OUTCOME IN GROUP PSYCHOTHERAPY.</subfield></datafield><datafield tag="562" ind1=" " ind2=" "><subfield code="a">mugcro</subfield></datafield><datafield tag="856" ind1="4" ind2="0"><subfield code="u">http://digilib.bu.edu/bucr/archive/files/f587212c7dfd52c0899795b81bcac0b3.PDF</subfield></datafield><datafield tag="902" ind1="2" ind2=" "><subfield code="a">suppressed</subfield></datafield><datafield tag="902" ind1=" " ind2=" "><subfield code="a">mugcro</subfield></datafield><datafield tag="907" ind1=" " ind2=" "><subfield code="a">.b18944413</subfield></datafield><datafield tag="907" ind1=" " ind2=" "><subfield code="a">.b18944413</subfield></datafield><datafield tag="975" ind1=" " ind2=" "><subfield code="a">s</subfield></datafield><datafield tag="999" ind1=" " ind2=" "><subfield code="a">elect</subfield><subfield code="b">1</subfield><subfield code="c">920204</subfield><subfield code="d">-</subfield><subfield code="e">a</subfield><subfield code="f">s</subfield></datafield></record>