<record><leader>00536nam  2200193 a 4500</leader><controlfield tag="001">99193930630001161</controlfield><controlfield tag="005">20130731232147.0</controlfield><controlfield tag="008">121103</controlfield><datafield tag="035" ind1=" " ind2=" "><subfield code="a">MK1CP751</subfield></datafield><datafield tag="100" ind1="1" ind2="2"><subfield code="a">Miller, Gloria E.</subfield></datafield><datafield tag="245" ind1=" " ind2="0"><subfield code="a">ENHANCEMENT OF SOCIAL LEARNING FAMILY INTERVENTIONS FOR CHILDHOOD CONDUCT DISORDER.</subfield></datafield><datafield tag="562" ind1=" " ind2=" "><subfield code="a">mugcro</subfield></datafield><datafield tag="856" ind1="4" ind2="0"><subfield code="u">http://digilib.bu.edu/bucr/archive/files/3d04a5444aa6010cbf761346ae5a6733.PDF</subfield></datafield><datafield tag="902" ind1="2" ind2=" "><subfield code="a">suppressed</subfield></datafield><datafield tag="902" ind1=" " ind2=" "><subfield code="a">mugcro</subfield></datafield><datafield tag="907" ind1=" " ind2=" "><subfield code="a">.b20572074</subfield></datafield><datafield tag="907" ind1=" " ind2=" "><subfield code="a">.b20572074</subfield></datafield><datafield tag="975" ind1=" " ind2=" "><subfield code="a">s</subfield></datafield><datafield tag="999" ind1=" " ind2=" "><subfield code="a">elect</subfield><subfield code="b">1</subfield><subfield code="d">m</subfield><subfield code="e">a</subfield><subfield code="f">s</subfield></datafield></record>