<record><leader>00584nam  2200205 a 4500</leader><controlfield tag="001">99193929450001161</controlfield><controlfield tag="005">20130813014901.0</controlfield><controlfield tag="008">121103</controlfield><datafield tag="035" ind1=" " ind2=" "><subfield code="a">MK1HB969</subfield></datafield><datafield tag="049" ind1=" " ind2=" "><subfield code="a">BOTN</subfield></datafield><datafield tag="100" ind1="1" ind2="2"><subfield code="a">STEINHAUSER, KAREN E.</subfield></datafield><datafield tag="245" ind1=" " ind2="0"><subfield code="a">FACTORS CONSIDERED IMPORTANT AT THE END OF LIFE BY PATIENTS, FAMILY, PHYSICIANS, AND OTHER CARE PROVIDERS.</subfield></datafield><datafield tag="562" ind1=" " ind2=" "><subfield code="a">mugcro</subfield></datafield><datafield tag="856" ind1="4" ind2="0"><subfield code="u">http://digilib.bu.edu/bucr/archive/files/e0e5f117163edf5d82dd3c2d35071ee5.PDF</subfield></datafield><datafield tag="902" ind1="2" ind2=" "><subfield code="a">suppressed</subfield></datafield><datafield tag="902" ind1=" " ind2=" "><subfield code="a">mugcro</subfield></datafield><datafield tag="907" ind1=" " ind2=" "><subfield code="a">.b36590757</subfield></datafield><datafield tag="907" ind1=" " ind2=" "><subfield code="a">.b36590757</subfield></datafield><datafield tag="975" ind1=" " ind2=" "><subfield code="a">s</subfield></datafield><datafield tag="999" ind1=" " ind2=" "><subfield code="a">elect</subfield><subfield code="b">0</subfield><subfield code="d">m</subfield><subfield code="e">v</subfield><subfield code="f">s</subfield></datafield></record>