<record><leader>00545nam  2200205 a 4500</leader><controlfield tag="001">99193918730001161</controlfield><controlfield tag="005">20130812220004.0</controlfield><controlfield tag="008">121103</controlfield><datafield tag="035" ind1=" " ind2=" "><subfield code="a">MK1HB961</subfield></datafield><datafield tag="049" ind1=" " ind2=" "><subfield code="a">BOTN</subfield></datafield><datafield tag="100" ind1="1" ind2="2"><subfield code="a">BROWN, SANDRA A.</subfield></datafield><datafield tag="245" ind1=" " ind2="2"><subfield code="a">A DEVELOPMENTAL PERSPECTIVE ON ALCOHOL AND YOUTHS 16 TO 20 YEARS OF AGE.</subfield></datafield><datafield tag="562" ind1=" " ind2=" "><subfield code="a">mugcro</subfield></datafield><datafield tag="856" ind1="4" ind2="0"><subfield code="u">http://digilib.bu.edu/bucr/archive/files/c41455cdc231860ab3afcbd84a5aeccf.PDF</subfield></datafield><datafield tag="902" ind1="2" ind2=" "><subfield code="a">suppressed</subfield></datafield><datafield tag="902" ind1=" " ind2=" "><subfield code="a">mugcro</subfield></datafield><datafield tag="907" ind1=" " ind2=" "><subfield code="a">.b36589780</subfield></datafield><datafield tag="907" ind1=" " ind2=" "><subfield code="a">.b36589780</subfield></datafield><datafield tag="975" ind1=" " ind2=" "><subfield code="a">s</subfield></datafield><datafield tag="999" ind1=" " ind2=" "><subfield code="a">elect</subfield><subfield code="b">0</subfield><subfield code="d">m</subfield><subfield code="e">v</subfield><subfield code="f">s</subfield></datafield></record>