<record><leader>00564nam  2200217 a 4500</leader><controlfield tag="001">99193850640001161</controlfield><controlfield tag="005">20130813041354.0</controlfield><controlfield tag="008">121103</controlfield><datafield tag="035" ind1=" " ind2=" "><subfield code="a">MK1HB269</subfield></datafield><datafield tag="100" ind1="1" ind2="2"><subfield code="a">O'CONNELL, RALPH A.</subfield></datafield><datafield tag="100" ind1="1" ind2="2"><subfield code="a">MAYO, JULIA A.</subfield></datafield><datafield tag="245" ind1=" " ind2="0"><subfield code="a">ROLE OF SOCIAL FACTORS IN AFFECTIVE DISORDERS: A REVIEW.</subfield></datafield><datafield tag="260" ind1="1" ind2=" "><subfield code="a">2006.</subfield></datafield><datafield tag="562" ind1=" " ind2=" "><subfield code="a">mugcro</subfield></datafield><datafield tag="856" ind1="4" ind2="0"><subfield code="u">http://digilib.bu.edu/bucr/archive/files/48b5f7b69bdcb36e2fe43f09066d1fdb.PDF</subfield></datafield><datafield tag="902" ind1="2" ind2=" "><subfield code="a">suppressed</subfield></datafield><datafield tag="902" ind1=" " ind2=" "><subfield code="a">mugcro</subfield></datafield><datafield tag="907" ind1=" " ind2=" "><subfield code="a">.b26932763</subfield></datafield><datafield tag="907" ind1=" " ind2=" "><subfield code="a">.b26932763</subfield></datafield><datafield tag="975" ind1=" " ind2=" "><subfield code="a">s</subfield></datafield><datafield tag="999" ind1=" " ind2=" "><subfield code="a">elect</subfield><subfield code="b">0</subfield><subfield code="d">m</subfield><subfield code="e">v</subfield><subfield code="f">s</subfield></datafield></record>