<record><leader>00500nam  2200193 a 4500</leader><controlfield tag="001">99193695140001161</controlfield><controlfield tag="005">20130812212952.0</controlfield><controlfield tag="008">121103</controlfield><datafield tag="035" ind1=" " ind2=" "><subfield code="a">MK1AF100</subfield></datafield><datafield tag="100" ind1="1" ind2="2"><subfield code="a">Dhillon, Navtej.</subfield></datafield><datafield tag="245" ind1=" " ind2="0"><subfield code="a">INCLUSION: MEETING THE 100 MILLION YOUTH CHALLENGE.</subfield></datafield><datafield tag="562" ind1=" " ind2=" "><subfield code="a">mugcro</subfield></datafield><datafield tag="856" ind1="4" ind2="0"><subfield code="u">http://digilib.bu.edu/bucr/archive/files/1b30094a01b5a74cac095f3f1a4e8c3d.PDF</subfield></datafield><datafield tag="902" ind1="2" ind2=" "><subfield code="a">suppressed</subfield></datafield><datafield tag="902" ind1=" " ind2=" "><subfield code="a">mugcro</subfield></datafield><datafield tag="907" ind1=" " ind2=" "><subfield code="a">.b33499159</subfield></datafield><datafield tag="907" ind1=" " ind2=" "><subfield code="a">.b33499159</subfield></datafield><datafield tag="975" ind1=" " ind2=" "><subfield code="a">s</subfield></datafield><datafield tag="999" ind1=" " ind2=" "><subfield code="a">elect</subfield><subfield code="b">0</subfield><subfield code="e">v</subfield><subfield code="f">s</subfield></datafield></record>