<record><leader>00487nam  2200205 a 4500</leader><controlfield tag="001">99193961060001161</controlfield><controlfield tag="005">20130812232958.0</controlfield><controlfield tag="008">121103</controlfield><datafield tag="035" ind1=" " ind2=" "><subfield code="a">MK1CP790</subfield></datafield><datafield tag="100" ind1="1" ind2="2"><subfield code="a">ATWOOD, J D.</subfield></datafield><datafield tag="245" ind1=" " ind2="0"><subfield code="a">ME AND MY SHADOW.</subfield></datafield><datafield tag="260" ind1="1" ind2=" "><subfield code="a">2008.</subfield></datafield><datafield tag="562" ind1=" " ind2=" "><subfield code="a">mugcro</subfield></datafield><datafield tag="856" ind1="4" ind2="0"><subfield code="u">http://digilib.bu.edu/bucr/archive/files/ffe3f0cee962c7414b37610ee3b72fc9.PDF</subfield></datafield><datafield tag="902" ind1="2" ind2=" "><subfield code="a">suppressed</subfield></datafield><datafield tag="902" ind1=" " ind2=" "><subfield code="a">mugcro</subfield></datafield><datafield tag="907" ind1=" " ind2=" "><subfield code="a">.b27929358</subfield></datafield><datafield tag="907" ind1=" " ind2=" "><subfield code="a">.b27929358</subfield></datafield><datafield tag="975" ind1=" " ind2=" "><subfield code="a">s</subfield></datafield><datafield tag="999" ind1=" " ind2=" "><subfield code="a">elect</subfield><subfield code="b">0</subfield><subfield code="d">m</subfield><subfield code="e">a</subfield><subfield code="f">s</subfield></datafield></record>