<record><leader>00513nam  2200193 a 4500</leader><controlfield tag="001">99194335120001161</controlfield><controlfield tag="005">20130801014558.0</controlfield><controlfield tag="008">121103</controlfield><datafield tag="035" ind1=" " ind2=" "><subfield code="a">MK1WP144</subfield></datafield><datafield tag="100" ind1="1" ind2="2"><subfield code="a">SCHENE, PATRICIA.</subfield></datafield><datafield tag="245" ind1=" " ind2="0"><subfield code="a">PAST, PRESENT AND FUTURE ROLES OF CHILD PROTECTIVE SERVICES.</subfield></datafield><datafield tag="562" ind1=" " ind2=" "><subfield code="a">mugcro</subfield></datafield><datafield tag="856" ind1="4" ind2="0"><subfield code="u">http://digilib.bu.edu/bucr/archive/files/50ddcee45c0649e24cbabdec4df118c9.PDF</subfield></datafield><datafield tag="902" ind1="2" ind2=" "><subfield code="a">suppressed</subfield></datafield><datafield tag="902" ind1=" " ind2=" "><subfield code="a">mugcro</subfield></datafield><datafield tag="907" ind1=" " ind2=" "><subfield code="a">.b22265429</subfield></datafield><datafield tag="907" ind1=" " ind2=" "><subfield code="a">.b22265429</subfield></datafield><datafield tag="975" ind1=" " ind2=" "><subfield code="a">s</subfield></datafield><datafield tag="999" ind1=" " ind2=" "><subfield code="a">multi</subfield><subfield code="b">1</subfield><subfield code="d">m</subfield><subfield code="e">v</subfield><subfield code="f">s</subfield></datafield></record>