<record><leader>00549nam  2200205 a 4500</leader><controlfield tag="001">99194729160001161</controlfield><controlfield tag="005">20130812215310.0</controlfield><controlfield tag="008">121103</controlfield><datafield tag="035" ind1=" " ind2=" "><subfield code="a">MK1HB484</subfield></datafield><datafield tag="100" ind1="1" ind2="2"><subfield code="a">NATIONAL SCIENTIFIC COUNCIL ON THE DEVELOPING CHILD.</subfield></datafield><datafield tag="245" ind1=" " ind2="0"><subfield code="a">SCIENCE OF EARLY CHILDHOOD DEVELOPMENT.</subfield></datafield><datafield tag="260" ind1="1" ind2=" "><subfield code="a">2009.</subfield></datafield><datafield tag="562" ind1=" " ind2=" "><subfield code="a">mugcro</subfield></datafield><datafield tag="856" ind1="4" ind2="0"><subfield code="u">http://digilib.bu.edu/bucr/archive/files/f5c03014b6ba637572dabcab61b92ee2.PDF</subfield></datafield><datafield tag="902" ind1="2" ind2=" "><subfield code="a">suppressed</subfield></datafield><datafield tag="902" ind1=" " ind2=" "><subfield code="a">mugcro</subfield></datafield><datafield tag="907" ind1=" " ind2=" "><subfield code="a">.b32673784</subfield></datafield><datafield tag="907" ind1=" " ind2=" "><subfield code="a">.b32673784</subfield></datafield><datafield tag="975" ind1=" " ind2=" "><subfield code="a">s</subfield></datafield><datafield tag="999" ind1=" " ind2=" "><subfield code="a">elect</subfield><subfield code="b">0</subfield><subfield code="d">m</subfield><subfield code="e">v</subfield><subfield code="f">s</subfield></datafield></record>