<record><leader>00494nam  2200181 a 4500</leader><controlfield tag="001">99194383460001161</controlfield><controlfield tag="005">20130731175602.0</controlfield><controlfield tag="008">121103</controlfield><datafield tag="035" ind1=" " ind2=" "><subfield code="a">MK1299</subfield></datafield><datafield tag="100" ind1="1" ind2="2"><subfield code="a">Haynes, Karen S.</subfield></datafield><datafield tag="245" ind1=" " ind2="4"><subfield code="a">THE ONE-HUNDRED YEAR DEBATE: SOCIAL REFORM VERSUS INDIVIDUAL TREATMENT.</subfield></datafield><datafield tag="562" ind1=" " ind2=" "><subfield code="a">mugcro</subfield></datafield><datafield tag="856" ind1="4" ind2="0"><subfield code="u">http://digilib.bu.edu/bucr/archive/files/0c915163c7afe93d10439453603f0ce4.PDF</subfield></datafield><datafield tag="902" ind1=" " ind2=" "><subfield code="a">mugcro</subfield></datafield><datafield tag="907" ind1=" " ind2=" "><subfield code="a">.b24803212</subfield></datafield><datafield tag="907" ind1=" " ind2=" "><subfield code="a">.b24803212</subfield></datafield><datafield tag="975" ind1=" " ind2=" "><subfield code="a">s</subfield></datafield><datafield tag="999" ind1=" " ind2=" "><subfield code="a">elect</subfield><subfield code="b">1</subfield><subfield code="d">m</subfield><subfield code="e">v</subfield><subfield code="f">s</subfield></datafield></record>