<record><leader>00479nam  2200193 a 4500</leader><controlfield tag="001">99194466240001161</controlfield><controlfield tag="005">20130813004517.0</controlfield><controlfield tag="008">121103</controlfield><datafield tag="035" ind1=" " ind2=" "><subfield code="a">MK1HB818</subfield></datafield><datafield tag="100" ind1="1" ind2="2"><subfield code="a">BLOOM, PAUL, 1963-</subfield></datafield><datafield tag="245" ind1=" " ind2="4"><subfield code="a">THE MORAL LIFE OF BABIES.</subfield></datafield><datafield tag="562" ind1=" " ind2=" "><subfield code="a">mugcro</subfield></datafield><datafield tag="856" ind1="4" ind2="0"><subfield code="u">http://digilib.bu.edu/bucr/archive/files/6c4fe59190f1dba71f0ec08187e9ff86.PDF</subfield></datafield><datafield tag="902" ind1="2" ind2=" "><subfield code="a">suppressed</subfield></datafield><datafield tag="902" ind1=" " ind2=" "><subfield code="a">mugcro</subfield></datafield><datafield tag="907" ind1=" " ind2=" "><subfield code="a">.b34046434</subfield></datafield><datafield tag="907" ind1=" " ind2=" "><subfield code="a">.b34046434</subfield></datafield><datafield tag="975" ind1=" " ind2=" "><subfield code="a">s</subfield></datafield><datafield tag="999" ind1=" " ind2=" "><subfield code="a">elect</subfield><subfield code="b">0</subfield><subfield code="d">m</subfield><subfield code="e">v</subfield><subfield code="f">s</subfield></datafield></record>