<record><leader>00421nam  2200169 a 4500</leader><controlfield tag="001">99194682720001161</controlfield><controlfield tag="005">20150822091234.0</controlfield><controlfield tag="008">121103</controlfield><datafield tag="100" ind1="1" ind2="2"><subfield code="a">Saleebey, Dennis.</subfield></datafield><datafield tag="245" ind1=" " ind2="0"><subfield code="a">POWER IN THE PEOPLE.</subfield></datafield><datafield tag="562" ind1=" " ind2=" "><subfield code="a">mugcro</subfield></datafield><datafield tag="856" ind1="4" ind2="0"><subfield code="u">http://digilib.bu.edu/bucr/archive/files/22c8721bd14e14502053c95eba264c5b.PDF</subfield></datafield><datafield tag="902" ind1=" " ind2=" "><subfield code="a">mugcro</subfield></datafield><datafield tag="907" ind1=" " ind2=" "><subfield code="a">.b3267241x</subfield></datafield><datafield tag="907" ind1=" " ind2=" "><subfield code="a">.b3267241x</subfield></datafield><datafield tag="975" ind1=" " ind2=" "><subfield code="a">s</subfield></datafield><datafield tag="999" ind1=" " ind2=" "><subfield code="a">elect</subfield><subfield code="b">0</subfield><subfield code="d">m</subfield><subfield code="e">v</subfield><subfield code="f">s</subfield></datafield></record>