<record><leader>00551nam  2200193 a 4500</leader><controlfield tag="001">99195504810001161</controlfield><controlfield tag="005">20130731134301.0</controlfield><controlfield tag="008">121103</controlfield><datafield tag="035" ind1=" " ind2=" "><subfield code="a">MK1CP178</subfield></datafield><datafield tag="100" ind1="1" ind2="2"><subfield code="a">NEAL-BARNETT, ANGELA M., 1960-</subfield></datafield><datafield tag="245" ind1=" " ind2="0"><subfield code="a">AFRICAN AMERICAN CHILDREN AND BEHAVIOR THERAPY: CONSIDERING THE AFROCENTRIC APPROACH.</subfield></datafield><datafield tag="562" ind1=" " ind2=" "><subfield code="a">mugcro</subfield></datafield><datafield tag="856" ind1="4" ind2="0"><subfield code="u">http://digilib.bu.edu/bucr/archive/files/7740753272f07e608e2b73f38f4a8d01.PDF</subfield></datafield><datafield tag="902" ind1="2" ind2=" "><subfield code="a">suppressed</subfield></datafield><datafield tag="902" ind1=" " ind2=" "><subfield code="a">mugcro</subfield></datafield><datafield tag="907" ind1=" " ind2=" "><subfield code="a">.b21688254</subfield></datafield><datafield tag="907" ind1=" " ind2=" "><subfield code="a">.b21688254</subfield></datafield><datafield tag="975" ind1=" " ind2=" "><subfield code="a">s</subfield></datafield><datafield tag="999" ind1=" " ind2=" "><subfield code="a">elect</subfield><subfield code="b">1</subfield><subfield code="d">m</subfield><subfield code="e">v</subfield><subfield code="f">s</subfield></datafield></record>