<record><leader>00499nam  2200205 a 4500</leader><controlfield tag="001">99195527960001161</controlfield><controlfield tag="005">20130812221612.0</controlfield><controlfield tag="008">121103</controlfield><datafield tag="035" ind1=" " ind2=" "><subfield code="a">MK1CP709</subfield></datafield><datafield tag="100" ind1="1" ind2="2"><subfield code="a">SCHNITZER, PHOEBE.</subfield></datafield><datafield tag="245" ind1=" " ind2="0"><subfield code="a">THEY DON'T COME IN!</subfield></datafield><datafield tag="260" ind1="1" ind2=" "><subfield code="a">2004 SSW.</subfield></datafield><datafield tag="562" ind1=" " ind2=" "><subfield code="a">mugcro</subfield></datafield><datafield tag="856" ind1="4" ind2="0"><subfield code="u">http://digilib.bu.edu/bucr/archive/files/2f1a2763f448fdbe2b3d698c0eed0fc2.PDF</subfield></datafield><datafield tag="902" ind1="2" ind2=" "><subfield code="a">suppressed</subfield></datafield><datafield tag="902" ind1=" " ind2=" "><subfield code="a">mugcro</subfield></datafield><datafield tag="907" ind1=" " ind2=" "><subfield code="a">.b25211535</subfield></datafield><datafield tag="907" ind1=" " ind2=" "><subfield code="a">.b25211535</subfield></datafield><datafield tag="975" ind1=" " ind2=" "><subfield code="a">s</subfield></datafield><datafield tag="999" ind1=" " ind2=" "><subfield code="a">elect</subfield><subfield code="b">0</subfield><subfield code="d">m</subfield><subfield code="e">a</subfield><subfield code="f">s</subfield></datafield></record>