<record><leader>00557nam  2200205 a 4500</leader><controlfield tag="001">99195764380001161</controlfield><controlfield tag="005">20141211152822.0</controlfield><controlfield tag="008">121103</controlfield><datafield tag="035" ind1=" " ind2=" "><subfield code="a">MK1459</subfield></datafield><datafield tag="100" ind1="1" ind2="2"><subfield code="a">MINKLER, MEREDITH.</subfield></datafield><datafield tag="245" ind1=" " ind2="0"><subfield code="a">COMMUNITY ORGANIZING WITH THE ELDERLY POOR IN SAN FRANCISCO'S TERNDERLOIN DISTRICT.</subfield></datafield><datafield tag="260" ind1="1" ind2=" "><subfield code="a">2005.</subfield></datafield><datafield tag="562" ind1=" " ind2=" "><subfield code="a">mugcro</subfield></datafield><datafield tag="856" ind1="4" ind2="0"><subfield code="u">http://digilib.bu.edu/bucr/archive/files/b9fa45bd0f7733ddafeea7e634fa8cec.PDF</subfield></datafield><datafield tag="902" ind1="2" ind2=" "><subfield code="a">suppressed</subfield></datafield><datafield tag="902" ind1=" " ind2=" "><subfield code="a">mugcro</subfield></datafield><datafield tag="907" ind1=" " ind2=" "><subfield code="a">.b26054942</subfield></datafield><datafield tag="907" ind1=" " ind2=" "><subfield code="a">.b26054942</subfield></datafield><datafield tag="975" ind1=" " ind2=" "><subfield code="a">s</subfield></datafield><datafield tag="999" ind1=" " ind2=" "><subfield code="a">elect</subfield><subfield code="b">0</subfield><subfield code="d">m</subfield><subfield code="e">v</subfield><subfield code="f">s</subfield></datafield></record>