<record><leader>00471nam  2200169 a 4500</leader><controlfield tag="001">99196154260001161</controlfield><controlfield tag="005">20150520143742.0</controlfield><controlfield tag="008">121103</controlfield><datafield tag="049" ind1=" " ind2=" "><subfield code="a">BOTN</subfield></datafield><datafield tag="090" ind1=" " ind2=" "><subfield code="a">MK1 AF117</subfield></datafield><datafield tag="100" ind1=" " ind2=" "><subfield code="a">Quandt, William B.</subfield></datafield><datafield tag="245" ind1=" " ind2="0"><subfield code="a">CLINTON'S FINALE: DISTRACTIONS, HESITATION, AND FRUSTRATION</subfield></datafield><datafield tag="856" ind1="4" ind2="0"><subfield code="u">http://digilib.bu.edu/bucr/archive/files/f69cca6dbc59d5e932228e92f3b305de.pdf</subfield></datafield><datafield tag="902" ind1="2" ind2=" "><subfield code="a">suppressed</subfield></datafield><datafield tag="907" ind1=" " ind2=" "><subfield code="a">.b3899933x</subfield></datafield><datafield tag="907" ind1=" " ind2=" "><subfield code="a">.b3899933x</subfield></datafield><datafield tag="999" ind1=" " ind2=" "><subfield code="a">multi</subfield><subfield code="b">0</subfield><subfield code="d">m</subfield><subfield code="e">v</subfield><subfield code="f">s</subfield></datafield></record>