<record><leader>00535nam  2200181 a 4500</leader><controlfield tag="001">99196024980001161</controlfield><controlfield tag="005">20130812213024.0</controlfield><controlfield tag="008">121103</controlfield><datafield tag="035" ind1=" " ind2=" "><subfield code="a">MK1HB1078</subfield></datafield><datafield tag="049" ind1=" " ind2=" "><subfield code="a">BOTN</subfield></datafield><datafield tag="100" ind1="1" ind2="2"><subfield code="a">SCHWARTZ, ROBERT C.</subfield></datafield><datafield tag="245" ind1=" " ind2="0"><subfield code="a">DISPROPORTIONATE DIAGNOSIS OF MENTAL DISORDERS AMONG AFRICAN AMERICAN VERSUS EUROPEAN AMERICAN CLIENTS.</subfield></datafield><datafield tag="562" ind1=" " ind2=" "><subfield code="a">mugcro</subfield></datafield><datafield tag="856" ind1="4" ind2=" "><subfield code="u">http://digilib.bu.edu/bucr/archive/files/2680d823a2598ee90a42af9e4f96b939.PDF</subfield></datafield><datafield tag="902" ind1="2" ind2=" "><subfield code="a">suppressed</subfield></datafield><datafield tag="902" ind1=" " ind2=" "><subfield code="a">mugcro</subfield></datafield><datafield tag="907" ind1=" " ind2=" "><subfield code="a">.b38915066</subfield></datafield><datafield tag="999" ind1=" " ind2=" "><subfield code="a">multi</subfield><subfield code="b">0</subfield><subfield code="d">m</subfield><subfield code="e">v</subfield><subfield code="f">s</subfield></datafield></record>