<record><leader>00508nam  2200193 a 4500</leader><controlfield tag="001">99195855120001161</controlfield><controlfield tag="005">20130812233638.0</controlfield><controlfield tag="008">121103</controlfield><datafield tag="035" ind1=" " ind2=" "><subfield code="a">MK1CP197</subfield></datafield><datafield tag="100" ind1="1" ind2="2"><subfield code="a">DICKERSON, VICTORIA C.</subfield></datafield><datafield tag="245" ind1=" " ind2="2"><subfield code="a">A NARRATIVE APPROACH TO FAMILIES WITH ADOLESCENTS.</subfield></datafield><datafield tag="562" ind1=" " ind2=" "><subfield code="a">mugcro</subfield></datafield><datafield tag="856" ind1="4" ind2="0"><subfield code="u">http://digilib.bu.edu/bucr/archive/files/ce0d3d19bb19d749e2668fdb46c196af.PDF</subfield></datafield><datafield tag="902" ind1="2" ind2=" "><subfield code="a">suppressed</subfield></datafield><datafield tag="902" ind1=" " ind2=" "><subfield code="a">mugcro</subfield></datafield><datafield tag="907" ind1=" " ind2=" "><subfield code="a">.b2041836x</subfield></datafield><datafield tag="907" ind1=" " ind2=" "><subfield code="a">.b2041836x</subfield></datafield><datafield tag="975" ind1=" " ind2=" "><subfield code="a">s</subfield></datafield><datafield tag="999" ind1=" " ind2=" "><subfield code="a">elect</subfield><subfield code="b">1</subfield><subfield code="d">m</subfield><subfield code="e">v</subfield><subfield code="f">s</subfield></datafield></record>