<record><leader>00543nam  2200205 a 4500</leader><controlfield tag="001">99195558700001161</controlfield><controlfield tag="005">20130812225711.0</controlfield><controlfield tag="008">121103</controlfield><datafield tag="035" ind1=" " ind2=" "><subfield code="a">MK1261</subfield></datafield><datafield tag="100" ind1="1" ind2="2"><subfield code="a">FEAGIN, JOE R.</subfield></datafield><datafield tag="100" ind1="1" ind2="2"><subfield code="a">BATUR, PINAR.</subfield></datafield><datafield tag="245" ind1=" " ind2="0"><subfield code="a">COLONIALISM AND POST-COLONIALISM: THE GLOBAL EXPANSION OF RACISM.</subfield></datafield><datafield tag="562" ind1=" " ind2=" "><subfield code="a">mugcro</subfield></datafield><datafield tag="856" ind1="4" ind2="0"><subfield code="u">http://digilib.bu.edu/bucr/archive/files/d84810b9c1d724ce1d9aa2d0383d1e2d.PDF</subfield></datafield><datafield tag="902" ind1="2" ind2=" "><subfield code="a">suppressed</subfield></datafield><datafield tag="902" ind1=" " ind2=" "><subfield code="a">mugcro</subfield></datafield><datafield tag="907" ind1=" " ind2=" "><subfield code="a">.b2521794x</subfield></datafield><datafield tag="907" ind1=" " ind2=" "><subfield code="a">.b2521794x</subfield></datafield><datafield tag="975" ind1=" " ind2=" "><subfield code="a">s</subfield></datafield><datafield tag="999" ind1=" " ind2=" "><subfield code="a">elect</subfield><subfield code="b">0</subfield><subfield code="d">m</subfield><subfield code="e">v</subfield><subfield code="f">s</subfield></datafield></record>