<record><leader>00518nam  2200205 a 4500</leader><controlfield tag="001">99195538830001161</controlfield><controlfield tag="005">20130812232824.0</controlfield><controlfield tag="008">121103</controlfield><datafield tag="035" ind1=" " ind2=" "><subfield code="a">MK1HB420</subfield></datafield><datafield tag="100" ind1="1" ind2="2"><subfield code="a">MILLS, C WRIGHT (CHARLES WRIGHT), 1916-1962.</subfield></datafield><datafield tag="245" ind1=" " ind2="4"><subfield code="a">THE PROMISE.</subfield></datafield><datafield tag="260" ind1="1" ind2=" "><subfield code="a">SSW 2204.</subfield></datafield><datafield tag="562" ind1=" " ind2=" "><subfield code="a">mugcro</subfield></datafield><datafield tag="856" ind1="4" ind2="0"><subfield code="u">http://digilib.bu.edu/bucr/archive/files/dc480b6db3b4de8a938d048f7071cd38.PDF</subfield></datafield><datafield tag="902" ind1="2" ind2=" "><subfield code="a">suppressed</subfield></datafield><datafield tag="902" ind1=" " ind2=" "><subfield code="a">mugcro</subfield></datafield><datafield tag="907" ind1=" " ind2=" "><subfield code="a">.b25206874</subfield></datafield><datafield tag="907" ind1=" " ind2=" "><subfield code="a">.b25206874</subfield></datafield><datafield tag="975" ind1=" " ind2=" "><subfield code="a">s</subfield></datafield><datafield tag="999" ind1=" " ind2=" "><subfield code="a">elect</subfield><subfield code="b">0</subfield><subfield code="d">m</subfield><subfield code="e">v</subfield><subfield code="f">s</subfield></datafield></record>