<record><leader>00530nam  2200193 a 4500</leader><controlfield tag="001">99195519450001161</controlfield><controlfield tag="005">20130731232958.0</controlfield><controlfield tag="008">121103</controlfield><datafield tag="035" ind1=" " ind2=" "><subfield code="a">MK1CP183</subfield></datafield><datafield tag="100" ind1="1" ind2="2"><subfield code="a">PURCELL, DAVID W., 1961-</subfield></datafield><datafield tag="245" ind1=" " ind2="0"><subfield code="a">THERAPY WITH LESBIANS AND GAY MEN: A COGNITIVE BEHAVIORAL PERSPECTIVE.</subfield></datafield><datafield tag="562" ind1=" " ind2=" "><subfield code="a">mugcro</subfield></datafield><datafield tag="856" ind1="4" ind2="0"><subfield code="u">http://digilib.bu.edu/bucr/archive/files/cae6dd7290c5bdfd9b0aa5a839eab800.PDF</subfield></datafield><datafield tag="902" ind1="2" ind2=" "><subfield code="a">suppressed</subfield></datafield><datafield tag="902" ind1=" " ind2=" "><subfield code="a">mugcro</subfield></datafield><datafield tag="907" ind1=" " ind2=" "><subfield code="a">.b21688205</subfield></datafield><datafield tag="907" ind1=" " ind2=" "><subfield code="a">.b21688205</subfield></datafield><datafield tag="975" ind1=" " ind2=" "><subfield code="a">s</subfield></datafield><datafield tag="999" ind1=" " ind2=" "><subfield code="a">elect</subfield><subfield code="b">1</subfield><subfield code="d">m</subfield><subfield code="e">v</subfield><subfield code="f">s</subfield></datafield></record>