<record><leader>00470nam  2200193 a 4500</leader><controlfield tag="001">99195861880001161</controlfield><controlfield tag="005">20130812233202.0</controlfield><controlfield tag="008">121103</controlfield><datafield tag="035" ind1=" " ind2=" "><subfield code="a">MK1CP210</subfield></datafield><datafield tag="100" ind1="1" ind2="2"><subfield code="a">Lipchik, Eve.</subfield></datafield><datafield tag="245" ind1=" " ind2="4"><subfield code="a">THE RUSH TO BE BRIEF.</subfield></datafield><datafield tag="562" ind1=" " ind2=" "><subfield code="a">mugcro</subfield></datafield><datafield tag="856" ind1="4" ind2="0"><subfield code="u">http://digilib.bu.edu/bucr/archive/files/e40b6bcba07a9827ff0432bbb3f274b4.PDF</subfield></datafield><datafield tag="902" ind1="2" ind2=" "><subfield code="a">suppressed</subfield></datafield><datafield tag="902" ind1=" " ind2=" "><subfield code="a">mugcro</subfield></datafield><datafield tag="907" ind1=" " ind2=" "><subfield code="a">.b2041853x</subfield></datafield><datafield tag="907" ind1=" " ind2=" "><subfield code="a">.b2041853x</subfield></datafield><datafield tag="975" ind1=" " ind2=" "><subfield code="a">s</subfield></datafield><datafield tag="999" ind1=" " ind2=" "><subfield code="a">elect</subfield><subfield code="b">1</subfield><subfield code="d">m</subfield><subfield code="e">v</subfield><subfield code="f">s</subfield></datafield></record>