<record><leader>00506nam  2200193 a 4500</leader><controlfield tag="001">99195862630001161</controlfield><controlfield tag="005">20130812233211.0</controlfield><controlfield tag="008">121103</controlfield><datafield tag="035" ind1=" " ind2=" "><subfield code="a">MK1CP954</subfield></datafield><datafield tag="100" ind1="1" ind2="2"><subfield code="a">KISER, DAVID J.</subfield></datafield><datafield tag="245" ind1=" " ind2="4"><subfield code="a">THE INTEGRATION OF EMOTION IN SOLUTION-FOCUSED THERAPY.</subfield></datafield><datafield tag="562" ind1=" " ind2=" "><subfield code="a">mugcro</subfield></datafield><datafield tag="856" ind1="4" ind2="0"><subfield code="u">http://digilib.bu.edu/bucr/archive/files/5e6e53b0468ef072c89d2bddb3dc78e8.PDF</subfield></datafield><datafield tag="902" ind1="2" ind2=" "><subfield code="a">suppressed</subfield></datafield><datafield tag="902" ind1=" " ind2=" "><subfield code="a">mugcro</subfield></datafield><datafield tag="907" ind1=" " ind2=" "><subfield code="a">.b20418516</subfield></datafield><datafield tag="907" ind1=" " ind2=" "><subfield code="a">.b20418516</subfield></datafield><datafield tag="975" ind1=" " ind2=" "><subfield code="a">s</subfield></datafield><datafield tag="999" ind1=" " ind2=" "><subfield code="a">elect</subfield><subfield code="b">1</subfield><subfield code="d">m</subfield><subfield code="e">a</subfield><subfield code="f">s</subfield></datafield></record>