<record><leader>00435nam  2200169 a 4500</leader><controlfield tag="001">99196173600001161</controlfield><controlfield tag="005">20140905112226.0</controlfield><controlfield tag="008">121103</controlfield><datafield tag="049" ind1=" " ind2=" "><subfield code="a">BOTN</subfield></datafield><datafield tag="090" ind1=" " ind2=" "><subfield code="a">MK1 WR218</subfield></datafield><datafield tag="100" ind1=" " ind2=" "><subfield code="a">GOSS, THEODORA.</subfield></datafield><datafield tag="245" ind1=" " ind2="4"><subfield code="a">THE ROSE IN TWELVE PETALS.</subfield></datafield><datafield tag="856" ind1="4" ind2="0"><subfield code="u">http://digilib.bu.edu/bucr/archive/files/93be3c47c013bea41074406b068585be.pdf</subfield></datafield><datafield tag="902" ind1="2" ind2=" "><subfield code="a">suppressed</subfield></datafield><datafield tag="907" ind1=" " ind2=" "><subfield code="a">.b38990982</subfield></datafield><datafield tag="907" ind1=" " ind2=" "><subfield code="a">.b38990982</subfield></datafield><datafield tag="999" ind1=" " ind2=" "><subfield code="a">multi</subfield><subfield code="b">0</subfield><subfield code="d">m</subfield><subfield code="e">v</subfield><subfield code="f">s</subfield></datafield></record>