<record><leader>00280 as  22000853u 4500</leader><controlfield tag="001">99199460100001161</controlfield><controlfield tag="005">20140815142158.0</controlfield><datafield tag="100" ind1="1" ind2=" "><subfield code="a">MYCHAILYSZYN, MATTHEW P.</subfield></datafield><datafield tag="245" ind1="1" ind2="0"><subfield code="a">SCHOOL FUNCTIONING IN YOUTH WITH AND WITHOUT ANXIETY DISORDERS</subfield></datafield><datafield tag="773" ind1="0" ind2=" "><subfield code="t">SCHOOL PSYCHOLOGY REVIEW</subfield><subfield code="g">no:31</subfield><subfield code="g">iss:1</subfield><subfield code="g">p:106-121</subfield><subfield code="g">yr:2010</subfield></datafield></record>