<record><leader>00265 as  22000853u 4500</leader><controlfield tag="001">99199460090001161</controlfield><controlfield tag="005">20140815142136.0</controlfield><datafield tag="100" ind1="1" ind2=" "><subfield code="a">BIEDERMAN, JOSEPH</subfield></datafield><datafield tag="245" ind1="1" ind2="0"><subfield code="a">PHENOMENOLOGY OF CHILDHOOD PSYCHOSIS</subfield></datafield><datafield tag="773" ind1="0" ind2=" "><subfield code="t">THE JOURNAL OF NERVOUS AND MENTAL DISEASE</subfield><subfield code="g">no:192</subfield><subfield code="g">iss:9</subfield><subfield code="g">p:607-614</subfield><subfield code="g">yr:2004</subfield></datafield></record>