<record><leader>00292 as  22000853u 4500</leader><controlfield tag="001">99199739460001161</controlfield><controlfield tag="005">20150108143059.0</controlfield><datafield tag="100" ind1="1" ind2=" "><subfield code="a">KOERNER, JOSEPH LEO</subfield></datafield><datafield tag="245" ind1="1" ind2="0"><subfield code="a">CASPAR DAVID FRIEDRICH AND THE SUBJECT OF LANDSCAPE - EXCERPTS</subfield></datafield><datafield tag="773" ind1="0" ind2=" "><subfield code="t">CASPAR DAVID FRIEDRICH AND THE SUBJECT OF LANDSCAPE</subfield><subfield code="g">p:3-36, 47-64</subfield><subfield code="g">yr:1990</subfield></datafield></record>