<record><leader>00209 am  22000733u 4500</leader><controlfield tag="001">99199330930001161</controlfield><controlfield tag="005">20130731195702.0</controlfield><datafield tag="100" ind1="1" ind2="#"><subfield code="a">FLOYD, MELISSA R.</subfield></datafield><datafield tag="245" ind1="1" ind2="0"><subfield code="a">UNFORSEEN IMPLICATIONS OF REGULATION TO AUTHENTICITY IN CLINICAL PRACTICE</subfield></datafield></record>