<record><leader>00335 as  22000973u 4500</leader><controlfield tag="001">99200209880001161</controlfield><controlfield tag="005">20150513102858.0</controlfield><datafield tag="100" ind1="1" ind2=" "><subfield code="a">JONES, LEROI</subfield></datafield><datafield tag="245" ind1="1" ind2="0"><subfield code="a">INTRODUCTION AND AFRICAN SLAVES/AMERICAN SLAVES:  THEIR MUSIC</subfield></datafield><datafield tag="562" ind1=" " ind2=" "><subfield code="a">mugcro</subfield></datafield><datafield tag="773" ind1="0" ind2=" "><subfield code="t">THE NEGRO EXPERIENCE IN WHITE AMERICA AND THE MUSIC THAT DEVELOPED FROM IT</subfield><subfield code="g">p:ix-xii and 17-31</subfield><subfield code="g">yr:1963</subfield></datafield></record>