<record><leader>00179 am  22000733u 4500</leader><controlfield tag="001">99199330830001161</controlfield><controlfield tag="005">20130731195659.0</controlfield><datafield tag="100" ind1="1" ind2="#"><subfield code="a">MURDACH, ALLISON D.</subfield></datafield><datafield tag="245" ind1="1" ind2="0"><subfield code="a">IS SOCIAL WORK A HUMAN RIGHTS PROFESSION?</subfield></datafield></record>