<record><leader>00286 as  22000853u 4500</leader><controlfield tag="001">99199739510001161</controlfield><controlfield tag="005">20140919152746.0</controlfield><datafield tag="100" ind1="1" ind2=" "><subfield code="a">PEARLMAN, LAURIE ANNE</subfield></datafield><datafield tag="245" ind1="1" ind2="0"><subfield code="a">LIVING AND WORKING SELF-REFLECTIVELY TO ADDRESS VICARIOUS TRAUMA</subfield></datafield><datafield tag="773" ind1="0" ind2=" "><subfield code="t">TREATING COMPLEX TRAUMATIC STRESS DISORDERS</subfield><subfield code="g">p:202-224 </subfield><subfield code="g">yr:2009 </subfield></datafield></record>