<record><leader>00263 as  22000853u 4500</leader><controlfield tag="001">99199459470001161</controlfield><controlfield tag="005">20130731184702.0</controlfield><datafield tag="100" ind1="1" ind2=" "><subfield code="a">TURNER, KIELTY</subfield></datafield><datafield tag="245" ind1="1" ind2="0"><subfield code="a">MINDFULNESS:  THE PRESENT MOMENT IN CLINICAL SOCIAL WORK</subfield></datafield><datafield tag="773" ind1="0" ind2=" "><subfield code="t">CLINICAL SOCIAL WORK</subfield><subfield code="g">no:37 </subfield><subfield code="g">iss:1 </subfield><subfield code="g">p:95-103 </subfield><subfield code="g">yr:2009 </subfield></datafield></record>