<record><leader>00172 as  22000733u 4500</leader><controlfield tag="001">99199460520001161</controlfield><controlfield tag="005">20150108142608.0</controlfield><datafield tag="100" ind1="1" ind2=" "><subfield code="a">EITNER, LORENZ</subfield></datafield><datafield tag="245" ind1="1" ind2="0"><subfield code="a">GERICAULT:  HIS LIFE AND WORK - EXCERPT</subfield></datafield></record>