<record><leader>00309 as  22000853u 4500</leader><controlfield tag="001">99199459520001161</controlfield><controlfield tag="005">20130731184704.0</controlfield><datafield tag="100" ind1="1" ind2=" "><subfield code="a">CONGRESS, ELAINE P.</subfield></datafield><datafield tag="245" ind1="1" ind2="0"><subfield code="a">CONTINUING EDUCATION:  LIFELONG LEARNING FOR SOCIAL WORK PRACTITIONERS AND EDUCATORS</subfield></datafield><datafield tag="773" ind1="0" ind2=" "><subfield code="t">JOURNAL OF SOCIAL WORK EDUCATION</subfield><subfield code="g">no:48 </subfield><subfield code="g">iss:3 </subfield><subfield code="g">p:397-401 </subfield><subfield code="g">yr:2012 </subfield></datafield></record>