<record><leader>00159 as  22000733u 4500</leader><controlfield tag="001">99200210630001161</controlfield><controlfield tag="005">20141211152236.0</controlfield><datafield tag="100" ind1="1" ind2=" "><subfield code="a">BURTON, CARLY</subfield></datafield><datafield tag="245" ind1="1" ind2="0"><subfield code="a">TRANSGENDER BILL CASE STUDY</subfield></datafield></record>