<record><leader>00182 as  22000733u 4500</leader><controlfield tag="001">99199390330001161</controlfield><controlfield tag="005">20150119100209.0</controlfield><datafield tag="100" ind1="1" ind2=" "><subfield code="a">HALTER, MARILYN</subfield></datafield><datafield tag="245" ind1="1" ind2="0"><subfield code="a">RECIPE FOR MULTIETHNICITY:  THE MESTIZO MAKEOVER</subfield></datafield></record>