<record><leader>00252 as  22000973u 4500</leader><controlfield tag="001">99200209840001161</controlfield><controlfield tag="005">20150513081217.0</controlfield><datafield tag="100" ind1="1" ind2=" "><subfield code="a">OBRECHT, JAS</subfield></datafield><datafield tag="245" ind1="1" ind2="0"><subfield code="a">A CENTURY OF BLUES GUITAR</subfield></datafield><datafield tag="562" ind1=" " ind2=" "><subfield code="a">mugcro</subfield></datafield><datafield tag="773" ind1="0" ind2=" "><subfield code="t">THE CAMBRIDGE COMPANION TO THE GUITAR</subfield><subfield code="g">p:87-108</subfield><subfield code="g">yr:2003</subfield></datafield></record>