<record><leader>00236 as  22000853u 4500</leader><controlfield tag="001">99199739030001161</controlfield><controlfield tag="005">20150227140900.0</controlfield><datafield tag="100" ind1="1" ind2=" "><subfield code="a">REAMER, FREDERIC G</subfield></datafield><datafield tag="245" ind1="1" ind2="0"><subfield code="a">SOCIAL WORK VALUES AND ETHICS:  AN OVERVIEW</subfield></datafield><datafield tag="773" ind1="0" ind2=" "><subfield code="t">SOCIAL WORK VALUES AND ETHICS - 3RD ED.</subfield></datafield></record>