<record><leader>00275 as  22000853u 4500</leader><controlfield tag="001">99199460110001161</controlfield><controlfield tag="005">20140815142222.0</controlfield><datafield tag="100" ind1="1" ind2=" "><subfield code="a">DISETH, TROND H.</subfield></datafield><datafield tag="245" ind1="1" ind2="0"><subfield code="a">DISSOCIATION IN CHILDREN AND ADOLESCENTS AS REACTION TO TRAUMA</subfield></datafield><datafield tag="773" ind1="0" ind2=" "><subfield code="t">NORDIAC JOURNAL OF PSYCHIATRY</subfield><subfield code="g">no:59</subfield><subfield code="g">iss:2</subfield><subfield code="g">p:79-91</subfield><subfield code="g">yr:2005</subfield></datafield></record>