<record><leader>00166 as  22000733u 4500</leader><controlfield tag="001">99199460410001161</controlfield><controlfield tag="005">20150108142228.0</controlfield><datafield tag="100" ind1="1" ind2=" "><subfield code="a">BURKE, EDMUND</subfield></datafield><datafield tag="245" ind1="1" ind2="0"><subfield code="a">A PHILOSOPHICAL INQUIRY - EXCERPTS</subfield></datafield></record>