<record><leader>00216 as  22000853u 4500</leader><controlfield tag="001">99200210320001161</controlfield><controlfield tag="005">20140919152824.0</controlfield><datafield tag="100" ind1="1" ind2=" "><subfield code="a">DIDION, JOAN</subfield></datafield><datafield tag="245" ind1="1" ind2="0"><subfield code="a">ON KEEPING A NOTEBOOK</subfield></datafield><datafield tag="773" ind1="0" ind2=" "><subfield code="t">SLOUCHING TOWARDS BETHLEHEM</subfield><subfield code="g">p:131-141</subfield><subfield code="g">yr:1968</subfield></datafield></record>