<record><leader>00174 am  22000733u 4500</leader><controlfield tag="001">99199080910001161</controlfield><controlfield tag="005">20130731225832.0</controlfield><datafield tag="100" ind1="1" ind2="#"><subfield code="a">HARGREAVES, D.J.</subfield></datafield><datafield tag="245" ind1="1" ind2="0"><subfield code="a">DEVELOPMENTAL PSYCHOLOGY AND MUSIC ED. </subfield></datafield></record>