<record><leader>00318 as  22000973u 4500</leader><controlfield tag="001">99208034397801161</controlfield><controlfield tag="005">20150113150714.0</controlfield><datafield tag="100" ind1="1" ind2=" "><subfield code="a">GILLAM, LYNN</subfield></datafield><datafield tag="245" ind1="1" ind2="0"><subfield code="a">ETHICS, REFLEXIVITY, AND 'ETHICALLYL IMPORTANT MOMENTS' IN RESEARCH</subfield></datafield><datafield tag="700" ind1="1" ind2=" "><subfield code="a">MARILYS GUILLEMIN</subfield></datafield><datafield tag="773" ind1="0" ind2=" "><subfield code="t">QUALITATIVE INQUIRY</subfield><subfield code="g">no:10 </subfield><subfield code="g">iss:2 </subfield><subfield code="g">pt:mugcro </subfield><subfield code="g">p:261-280 </subfield><subfield code="g">yr:2004 </subfield></datafield></record>