<record><leader>00181 am  22000733u 4500</leader><controlfield tag="001">99199240810001161</controlfield><controlfield tag="005">20140814115829.0</controlfield><datafield tag="100" ind1="1" ind2=" "><subfield code="a">SHORT, KATHLEEN</subfield></datafield><datafield tag="245" ind1="1" ind2="0"><subfield code="a">THE RESEARCH SUPPLEMENTAL POVERTY MEASURE: 2011</subfield></datafield></record>