<record><leader>00260 am  22000733u 4500</leader><controlfield tag="001">99199080840001161</controlfield><controlfield tag="005">20140109120535.0</controlfield><datafield tag="100" ind1="1" ind2=" "><subfield code="a">ZIMMERMAN, MARILY</subfield></datafield><datafield tag="245" ind1="1" ind2="0"><subfield code="a">THE RELEVANCE OF PIAGETIAN THEORY FOR MUSIC EDUCATION UNDERGRADUATES BASED ON ERIKSON'S PRINCIPLES OF EPIGENETIC DEVELOPMENT</subfield></datafield></record>