<record><leader>00168 am  22000733u 4500</leader><controlfield tag="001">99199090290001161</controlfield><controlfield tag="005">20150305144251.0</controlfield><datafield tag="100" ind1="1" ind2=" "><subfield code="a">MUNSON, HENRY</subfield></datafield><datafield tag="245" ind1="1" ind2="0"><subfield code="a">THE HOUSE OF SI ABD ALLAH - EXCERPTS</subfield></datafield></record>