<record><leader>00160 am  22000733u 4500</leader><controlfield tag="001">99199330760001161</controlfield><controlfield tag="005">20130731195656.0</controlfield><datafield tag="100" ind1="1" ind2="#"><subfield code="a">BARSKY, AE</subfield></datafield><datafield tag="245" ind1="1" ind2="0"><subfield code="a">VALUES - MINE, THEIRS, AND OURS</subfield></datafield></record>