<record><leader>00146 as  22000733u 4500</leader><controlfield tag="001">99199460450001161</controlfield><controlfield tag="005">20150108141105.0</controlfield><datafield tag="100" ind1="1" ind2=" "><subfield code="a">BARRELL, JOHN</subfield></datafield><datafield tag="245" ind1="1" ind2="0"><subfield code="a">JOHN CONSTABLE</subfield></datafield></record>