<record><leader>00208 as  22000853u 4500</leader><controlfield tag="001">99199700980001161</controlfield><controlfield tag="005">20140905111421.0</controlfield><datafield tag="100" ind1="1" ind2=" "><subfield code="a">PERRAULT, CHARLES</subfield></datafield><datafield tag="245" ind1="1" ind2="0"><subfield code="a">SLEEPING BEAUTY</subfield></datafield><datafield tag="773" ind1="0" ind2=" "><subfield code="t">THE MAMMOTH BOOK OF FAIRY TALES</subfield><subfield code="g">yr:1997</subfield></datafield></record>