<record><leader>00218 am  22000733u 4500</leader><controlfield tag="001">99199330800001161</controlfield><controlfield tag="005">20130731195657.0</controlfield><datafield tag="100" ind1="1" ind2="#"><subfield code="a">HODGE, DAVID R.</subfield></datafield><datafield tag="245" ind1="1" ind2="0"><subfield code="a">VALUE DIFFERENCES BETWEEN SOCIAL WORKERS AND MEMBERS OF THE WORKING AND MIDDLE CLASS</subfield></datafield></record>