<record><leader>00225 as  22000853u 4500</leader><controlfield tag="001">99199700990001161</controlfield><controlfield tag="005">20140905111200.0</controlfield><datafield tag="100" ind1="1" ind2=" "><subfield code="a">TOWNSEND WARNER, SYLVIA</subfield></datafield><datafield tag="245" ind1="1" ind2="0"><subfield code="a">BLUEBEARD'S DAUGHTER</subfield></datafield><datafield tag="773" ind1="0" ind2=" "><subfield code="t">THE OXFORD BOOK OF MODERN FAIRY TALES</subfield><subfield code="g">yr:1993</subfield></datafield></record>