<record><leader>00166 am  22000733u 4500</leader><controlfield tag="001">99199330810001161</controlfield><controlfield tag="005">20130731195658.0</controlfield><datafield tag="100" ind1="1" ind2="#"><subfield code="a">DOLGOFF, R.</subfield></datafield><datafield tag="245" ind1="1" ind2="0"><subfield code="a">VALUE NEUTRALITY AND IMPOSING VALUES</subfield></datafield></record>