<record><leader>00254 as  22000853u 4500</leader><controlfield tag="001">99199459950001161</controlfield><controlfield tag="005">20141211134816.0</controlfield><datafield tag="100" ind1="1" ind2=" "><subfield code="a">DELGADO, MELVIN</subfield></datafield><datafield tag="245" ind1="1" ind2="0"><subfield code="a">OVERVIEW OF SERVICES</subfield></datafield><datafield tag="773" ind1="0" ind2=" "><subfield code="t">SOCIAL WORK PRACTICE WITH REFUGEE AND IMMIGRANT YOUTH IN THE UNITED STATES</subfield><subfield code="g">yr:2005</subfield></datafield></record>