<record><leader>00278 as  22000853u 4500</leader><controlfield tag="001">99199990740001161</controlfield><controlfield tag="005">20140919152742.0</controlfield><datafield tag="100" ind1="1" ind2=" "><subfield code="a">HICK, STEVEN F.</subfield></datafield><datafield tag="245" ind1="1" ind2="0"><subfield code="a">MINDFULNESS AND SOCIAL WORK:  PAYING ATTENTION TO OURSELVES, OUR CLIENTS, AND SOCIETY</subfield></datafield><datafield tag="773" ind1="0" ind2=" "><subfield code="t">MINDFULNESS AND SOCIAL WORK</subfield><subfield code="g">pt:1 </subfield><subfield code="g">p:1-3 </subfield></datafield></record>