<record><leader>00266 as  22000853u 4500</leader><controlfield tag="001">99199459510001161</controlfield><controlfield tag="005">20130731184704.0</controlfield><datafield tag="100" ind1="1" ind2=" "><subfield code="a">DODD, SARAH-JANE</subfield></datafield><datafield tag="245" ind1="1" ind2="0"><subfield code="a">EXPANDING THE BOUNDARIES OF ETHICS EDUCATION</subfield></datafield><datafield tag="773" ind1="0" ind2=" "><subfield code="t">JOURNAL OF SOCIAL WORK EDUCATION</subfield><subfield code="g">no:40 </subfield><subfield code="g">iss:3 </subfield><subfield code="g">p:455-465 </subfield><subfield code="g">yr:2004 </subfield></datafield></record>