<record><leader>00230 as  22000973u 4500</leader><controlfield tag="001">99200209810001161</controlfield><controlfield tag="005">20150513081234.0</controlfield><datafield tag="100" ind1="1" ind2=" "><subfield code="a">OLIVER, PAUL</subfield></datafield><datafield tag="245" ind1="1" ind2="0"><subfield code="a">BLUES AND TROUBLE</subfield></datafield><datafield tag="562" ind1=" " ind2=" "><subfield code="a">mugcro</subfield></datafield><datafield tag="773" ind1="0" ind2=" "><subfield code="t">THE STORY OF THE BLUES</subfield><subfield code="g">p:183-195</subfield><subfield code="g">yr:1998</subfield></datafield></record>