<record><leader>00149 am  22000613u 4500</leader><controlfield tag="001">99199330790001161</controlfield><controlfield tag="005">20130731195657.0</controlfield><datafield tag="245" ind1="1" ind2="0"><subfield code="a">SOCIAL WORK, EVANGELICAL CHRISTIANS, AND VALUES</subfield></datafield></record>