<record><leader>00136 as  22000733u 4500</leader><controlfield tag="001">99199460920001161</controlfield><controlfield tag="005">20140812145742.0</controlfield><datafield tag="100" ind1="1" ind2=" "><subfield code="a">BREUER, J.</subfield></datafield><datafield tag="245" ind1="1" ind2="0"><subfield code="a">ANNA O.</subfield></datafield></record>