<record><leader>00269 as  22000973u 4500</leader><controlfield tag="001">99200209890001161</controlfield><controlfield tag="005">20150513102839.0</controlfield><datafield tag="100" ind1="1" ind2=" "><subfield code="a">HANDY, WILLIAM CHRISTOPHER</subfield></datafield><datafield tag="245" ind1="1" ind2="0"><subfield code="a">THE MUSIC OF A FREE PEOPLE</subfield></datafield><datafield tag="562" ind1=" " ind2=" "><subfield code="a">mugcro</subfield></datafield><datafield tag="773" ind1="0" ind2=" "><subfield code="t">READINGS IN BLACK AMERICAN MUSIC</subfield><subfield code="g">pt:8</subfield><subfield code="g">p:202-216</subfield><subfield code="g">yr:1971</subfield></datafield></record>