<record><leader>00201 as  22000733u 4500</leader><controlfield tag="001">99199460490001161</controlfield><controlfield tag="005">20150108142830.0</controlfield><datafield tag="100" ind1="1" ind2=" "><subfield code="a">GRIMALDO GRIGSBY, DARCY</subfield></datafield><datafield tag="245" ind1="1" ind2="0"><subfield code="a">CANNIBALISM: SENEGAL - GERICAULT'S RAFT OF THE MEDUSA, 1819</subfield></datafield></record>