<record><leader>00184 as  22000733u 4500</leader><controlfield tag="001">99199460780001161</controlfield><controlfield tag="005">20130731180801.0</controlfield><datafield tag="100" ind1="1" ind2=" "><subfield code="a">ROSENBLUM, ROBERT</subfield></datafield><datafield tag="245" ind1="1" ind2="0"><subfield code="a">COSMOGONIES AND MYSTICISM:  BLAKE, RUNGE, PALMER</subfield></datafield></record>