<record><leader>00334 as  22000973u 4500</leader><controlfield tag="001">99200209850001161</controlfield><controlfield tag="005">20150513103008.0</controlfield><datafield tag="100" ind1="1" ind2=" "><subfield code="a">LEVINE, LAWRENCE</subfield></datafield><datafield tag="245" ind1="1" ind2="0"><subfield code="a">SECULAR MUSIC AND THE BLACK COMMUNITY:  THE BLUES</subfield></datafield><datafield tag="562" ind1=" " ind2=" "><subfield code="a">mugcro</subfield></datafield><datafield tag="773" ind1="0" ind2=" "><subfield code="t">BLACK CULTURE AND BLACK CONSCIOUSNESS:  AFRO-AMERICAN FOLK THOUGHT FROM SLAVERY TO FREEDOM</subfield><subfield code="g">p:217-239</subfield><subfield code="g">yr:1977</subfield></datafield></record>