<record><leader>00223 as  22000853u 4500</leader><controlfield tag="001">99199459020001161</controlfield><controlfield tag="005">20130731184642.0</controlfield><datafield tag="100" ind1="1" ind2=" "><subfield code="a">ROTHMAN, JULIET CASSUTO</subfield></datafield><datafield tag="245" ind1="1" ind2="0"><subfield code="a">ELEMENTS OF ETHICAL DECISION MAKING</subfield></datafield><datafield tag="773" ind1="0" ind2=" "><subfield code="t">FROM THE FRONT LINES</subfield><subfield code="g">p:1-20 </subfield></datafield></record>