<record><leader>00175 as  22000733u 4500</leader><controlfield tag="001">99199460810001161</controlfield><controlfield tag="005">20140814142459.0</controlfield><datafield tag="100" ind1="1" ind2=" "><subfield code="a">MCWILLIAMS, NANCY</subfield></datafield><datafield tag="245" ind1="1" ind2="0"><subfield code="a">OCCUPATIONAL HAZARDS AND GRATIFICATIONS</subfield></datafield></record>