<record><leader>00263 as  22000973u 4500</leader><controlfield tag="001">99205039380001161</controlfield><controlfield tag="005">20140919154213.0</controlfield><datafield tag="100" ind1="1" ind2=" "><subfield code="a">WILLIAMS, RAYMOND</subfield></datafield><datafield tag="245" ind1="1" ind2="0"><subfield code="a">THE ROMANTIC ARTIST</subfield></datafield><datafield tag="260" ind1=" " ind2=" "><subfield code="a">NEW YORK: COLUMBIA UNIVERSITY PRESS</subfield></datafield><datafield tag="773" ind1="0" ind2=" "><subfield code="t">CULTURE AND SOCIETY, 1780-1950</subfield><subfield code="g">yr:1983</subfield></datafield></record>