<record><leader>00166 as  22000733u 4500</leader><controlfield tag="001">99199460910001161</controlfield><controlfield tag="005">20140812145825.0</controlfield><datafield tag="100" ind1="1" ind2=" "><subfield code="a">MCWILLIAMS, NANCY</subfield></datafield><datafield tag="245" ind1="1" ind2="0"><subfield code="a">THE PSYCHOANALYTIC SENSIBILITY</subfield></datafield></record>