<record><leader>00281 as  22000973u 4500</leader><controlfield tag="001">99200209820001161</controlfield><controlfield tag="005">20150513103030.0</controlfield><datafield tag="100" ind1="1" ind2=" "><subfield code="a">COELHO, VICTOR</subfield></datafield><datafield tag="245" ind1="1" ind2="0"><subfield code="a">PICKING THROUGH CULTURES:  A GUITARIST'S MUSIC HISTORY</subfield></datafield><datafield tag="562" ind1=" " ind2=" "><subfield code="a">mugcro</subfield></datafield><datafield tag="773" ind1="0" ind2=" "><subfield code="t">THE CAMBRIDGE COMPANION TO THE GUITAR</subfield><subfield code="g">p:1-12</subfield><subfield code="g">yr:2003</subfield></datafield></record>