<record><leader>00193 as  22000853u 4500</leader><controlfield tag="001">99199701000001161</controlfield><controlfield tag="005">20140905110900.0</controlfield><datafield tag="100" ind1="1" ind2=" "><subfield code="a">GAIMAN, NEIL</subfield></datafield><datafield tag="245" ind1="1" ind2="0"><subfield code="a">SNOW, GLASS, APPLES</subfield></datafield><datafield tag="773" ind1="0" ind2=" "><subfield code="t">SMOKE AND MIRRORS</subfield><subfield code="g">yr:1998</subfield></datafield></record>