<record><leader>00173 am  22000733u 4500</leader><controlfield tag="001">99199330820001161</controlfield><controlfield tag="005">20130731195658.0</controlfield><datafield tag="100" ind1="1" ind2="#"><subfield code="a">REAMER, FREDERIC G.</subfield></datafield><datafield tag="245" ind1="1" ind2="0"><subfield code="a">THE EVOLUTION OF SOCIAL WORK ETHICS</subfield></datafield></record>