<record><leader>00169 am  22000733u 4500</leader><controlfield tag="001">99199330910001161</controlfield><controlfield tag="005">20130731195701.0</controlfield><datafield tag="100" ind1="1" ind2="#"><subfield code="a">STID, DANIEL</subfield></datafield><datafield tag="245" ind1="1" ind2="0"><subfield code="a">THE SOCIAL SERVICES INDUSTRIAL COMPLEX</subfield></datafield></record>