<record><leader>00341 as  22000973u 4500</leader><controlfield tag="001">99206778780001161</controlfield><controlfield tag="005">20141216141941.0</controlfield><datafield tag="100" ind1="1" ind2=" "><subfield code="a">HARVARD MEDICAL SCHOOL</subfield></datafield><datafield tag="245" ind1="1" ind2="0"><subfield code="a">RETHINKING POSTTRAUMATIC STRESS DISORDER: WHAT IS A TRAUMATIC EVENT, AND HOW DOES IT PRODUCE SYMPTOMS?</subfield></datafield><datafield tag="562" ind1=" " ind2=" "><subfield code="a">mugcro</subfield></datafield><datafield tag="773" ind1="0" ind2=" "><subfield code="t">HARVARD MENTAL HEALTH LETTER</subfield><subfield code="g">no:24</subfield><subfield code="g">iss:2</subfield><subfield code="g">p:1-4</subfield><subfield code="g">yr:2007</subfield></datafield></record>