<record><leader>00222 as  22000853u 4500</leader><controlfield tag="001">99199740960001161</controlfield><controlfield tag="005">20150119100559.0</controlfield><datafield tag="100" ind1="1" ind2=" "><subfield code="a">BAYOUMI, MOUSTAFA</subfield></datafield><datafield tag="245" ind1="1" ind2="0"><subfield code="a">RASHA (WITH PREFACE)</subfield></datafield><datafield tag="773" ind1="0" ind2=" "><subfield code="t">HOW DOES IT FEEL TO BE A PROBLEM</subfield><subfield code="g">p:1-44</subfield><subfield code="g">yr:2008</subfield></datafield></record>