<record><leader>00312 as  22000973u 4500</leader><controlfield tag="001">99200030660001161</controlfield><controlfield tag="005">20140919152740.0</controlfield><datafield tag="100" ind1="1" ind2=" "><subfield code="a">LEJUEZ, C.W.</subfield></datafield><datafield tag="245" ind1="1" ind2="0"><subfield code="a">A BRIEF BEHAVIORAL ACTIVATION TREATMENT FOR DEPRESSION:  TREATMENT MANUAL</subfield></datafield><datafield tag="700" ind1="1" ind2=" "><subfield code="a">HOPKO, DEREK R.</subfield></datafield><datafield tag="773" ind1="0" ind2=" "><subfield code="t">BEHAVIOR MODIFICATION</subfield><subfield code="g">no:25 </subfield><subfield code="g">iss:2 </subfield><subfield code="g">p:255-286 </subfield><subfield code="g">yr:2001 </subfield></datafield></record>