<record><leader>00152 am  22000733u 4500</leader><controlfield tag="001">99199240750001161</controlfield><controlfield tag="005">20140804160042.0</controlfield><datafield tag="100" ind1="1" ind2=" "><subfield code="a">LIND, MICHAEL</subfield></datafield><datafield tag="245" ind1="1" ind2="0"><subfield code="a">TO HAVE AND HAVE NOT</subfield></datafield></record>