<record><leader>00219 as  22000853u 4500</leader><controlfield tag="001">99199738980001161</controlfield><controlfield tag="005">20140919152743.0</controlfield><datafield tag="100" ind1="1" ind2=" "><subfield code="a">LEGUIN, URSULA K.</subfield></datafield><datafield tag="245" ind1="1" ind2="0"><subfield code="a">THE POACHER</subfield></datafield><datafield tag="773" ind1="0" ind2=" "><subfield code="t">UNLOCKING THE AIR AND OTHER STORIES</subfield><subfield code="g">p:191-207</subfield><subfield code="g">yr:1996</subfield></datafield></record>