<record><leader>00164 as  22000733u 4500</leader><controlfield tag="001">99199390810001161</controlfield><controlfield tag="005">20140814142350.0</controlfield><datafield tag="100" ind1="1" ind2=" "><subfield code="a">LEARY, KIMBERLYN</subfield></datafield><datafield tag="245" ind1="1" ind2="0"><subfield code="a">RACE AS AN ADAPTIVE CHALLENGE</subfield></datafield></record>