<record><leader>00274 as  22000853u 4500</leader><controlfield tag="001">99199790030001161</controlfield><controlfield tag="005">20140919152813.0</controlfield><datafield tag="100" ind1="1" ind2=" "><subfield code="a">DUNLAP, MICHELLE R.</subfield></datafield><datafield tag="245" ind1="1" ind2="0"><subfield code="a">TOLERANCE AND INTOLERANCE FOR AFRICAN AMERICAN CHILDREN AND FAMILIES</subfield></datafield><datafield tag="773" ind1="0" ind2=" "><subfield code="t">TEACHING FOR A TOLERANT WORLD</subfield><subfield code="g">p:121-146 </subfield><subfield code="g">yr:1999 </subfield></datafield></record>