<record><leader>00160 as  22000733u 4500</leader><controlfield tag="001">99199390320001161</controlfield><controlfield tag="005">20150119095453.0</controlfield><datafield tag="100" ind1="1" ind2=" "><subfield code="a">TAKAKI, RONALD</subfield></datafield><datafield tag="245" ind1="1" ind2="0"><subfield code="a">FLEEING THE "TYRANT'S HEEL"</subfield></datafield></record>