<record><leader>00243 as  22000853u 4500</leader><controlfield tag="001">99200080950001161</controlfield><controlfield tag="005">20141211152209.0</controlfield><datafield tag="100" ind1="1" ind2=" "><subfield code="a">SEN, RINKU</subfield></datafield><datafield tag="245" ind1="1" ind2="0"><subfield code="a">EDUCATION FOR ENGAGEMENT</subfield></datafield><datafield tag="773" ind1="0" ind2=" "><subfield code="t">STIR IT UP: LESSONS IN COMMUNITY ORGANIZING AND ADVOCACY</subfield><subfield code="g">pt:9</subfield><subfield code="g">p:165-182</subfield></datafield></record>