<record><leader>00235 as  22000853u 4500</leader><controlfield tag="001">99199739500001161</controlfield><controlfield tag="005">20140919152746.0</controlfield><datafield tag="100" ind1="1" ind2=" "><subfield code="a">BROWN, LAURA S.</subfield></datafield><datafield tag="245" ind1="1" ind2="0"><subfield code="a">CULTURAL COMPETENCE</subfield></datafield><datafield tag="773" ind1="0" ind2=" "><subfield code="t">TREATING COMPLEX TRAUMATIC STRESS DISORDERS</subfield><subfield code="g">p:166-182 </subfield><subfield code="g">yr:2009 </subfield></datafield></record>