<record><leader>00205 as  22000733u 4500</leader><controlfield tag="001">99199460550001161</controlfield><controlfield tag="005">20150108140828.0</controlfield><datafield tag="100" ind1="1" ind2=" "><subfield code="a">ATHANASSOGLOU-KALLMYER, NINA M.</subfield></datafield><datafield tag="245" ind1="1" ind2="0"><subfield code="a">THE POLITICS OF HORROR: CREATING THE RAFT OF THE MEDUSA</subfield></datafield></record>