<record><leader>00168 am  22000733u 4500</leader><controlfield tag="001">99199330860001161</controlfield><controlfield tag="005">20130731195659.0</controlfield><datafield tag="100" ind1="1" ind2="#"><subfield code="a">ROBINSON, W.</subfield></datafield><datafield tag="245" ind1="1" ind2="0"><subfield code="a">ETHICS IN SOCIAL WORK: TRACKING HARMS</subfield></datafield></record>