<record><leader>00192 as  22000853u 4500</leader><controlfield tag="001">99199460130001161</controlfield><controlfield tag="005">20150108144326.0</controlfield><datafield tag="100" ind1="1" ind2=" "><subfield code="a">RIBNER, JONATHAN</subfield></datafield><datafield tag="245" ind1="1" ind2="0"><subfield code="a">LAW AND DISORDER UNDER LOUIS-PHILIPPE</subfield></datafield><datafield tag="562" ind1=" " ind2=" "><subfield code="a">NEW</subfield></datafield></record>