<record><leader>00287 as  22000853u 4500</leader><controlfield tag="001">99200296460001161</controlfield><controlfield tag="005">20140919152808.0</controlfield><datafield tag="100" ind1="1" ind2=" "><subfield code="a">WRIGHT, AIDAN G. C.</subfield></datafield><datafield tag="245" ind1="1" ind2="0"><subfield code="a">THE HIERARCHICAL STRUCTURE OF DSM-5 PATHOLOGICAL PERSONALITY TRAITS</subfield></datafield><datafield tag="773" ind1="0" ind2=" "><subfield code="t">JOURNAL OF ABNORMAL PSYCHOLOGY</subfield><subfield code="g">no:121</subfield><subfield code="g">iss:4</subfield><subfield code="g">p:951-957</subfield><subfield code="g">yr:2012</subfield></datafield></record>