<record><leader>00280 as  22000973u 4500</leader><controlfield tag="001">99200209830001161</controlfield><controlfield tag="005">20150513102948.0</controlfield><datafield tag="100" ind1="1" ind2=" "><subfield code="a">HEADLAM, DAVE</subfield></datafield><datafield tag="245" ind1="1" ind2="0"><subfield code="a">BLUES TRANSFORMATIONS IN THE MUSIC OF CREAM</subfield></datafield><datafield tag="562" ind1=" " ind2=" "><subfield code="a">mugcro</subfield></datafield><datafield tag="773" ind1="0" ind2=" "><subfield code="t">UNDERSTANDING ROCK:  ESSAYS IN MUSICAL ANALYSIS</subfield><subfield code="g">p:59-92</subfield><subfield code="g">yr:1997</subfield></datafield></record>