<record><leader>00198 am  22000733u 4500</leader><controlfield tag="001">99199330730001161</controlfield><controlfield tag="005">20130731195655.0</controlfield><datafield tag="100" ind1="1" ind2="#"><subfield code="a">REARDON, CHRISTINA</subfield></datafield><datafield tag="245" ind1="1" ind2="0"><subfield code="a">'CASE' AND 'CAUSE' IN SOCIAL WORK EDUCATION - A BALANCING ACT</subfield></datafield></record>