<record><leader>00191 as  22000853u 4500</leader><controlfield tag="001">99199459570001161</controlfield><controlfield tag="005">20150108144824.0</controlfield><datafield tag="100" ind1="1" ind2=" "><subfield code="a">VAUGHAN, WILLIAM</subfield></datafield><datafield tag="245" ind1="1" ind2="0"><subfield code="a">REVOLUTION</subfield></datafield><datafield tag="773" ind1="0" ind2=" "><subfield code="t">WILLIAM BLAKE</subfield><subfield code="g">p:25-44, 75-76</subfield></datafield></record>