<record><leader>00186 as  22000733u 4500</leader><controlfield tag="001">99199460390001161</controlfield><controlfield tag="005">20150108143453.0</controlfield><datafield tag="100" ind1="1" ind2=" "><subfield code="a">DE MUSSET, ALFRED</subfield></datafield><datafield tag="245" ind1="1" ind2="0"><subfield code="a">THE CONFESSION OF A CHILD OF THE CENTURY - EXCERPT</subfield></datafield></record>