<record><leader>00170 as  22000733u 4500</leader><controlfield tag="001">99199410790001161</controlfield><controlfield tag="005">20150108141321.0</controlfield><datafield tag="100" ind1="1" ind2=" "><subfield code="a">BERMINGHAM, ANN</subfield></datafield><datafield tag="245" ind1="1" ind2="0"><subfield code="a">MAPPING THE SELF:  CONSTABLE/COUNTRY</subfield></datafield></record>