<record><leader>00154 as  22000733u 4500</leader><controlfield tag="001">99199460940001161</controlfield><controlfield tag="005">20140814142429.0</controlfield><datafield tag="100" ind1="1" ind2=" "><subfield code="a">BETTELHEIM, BRUNO</subfield></datafield><datafield tag="245" ind1="1" ind2="0"><subfield code="a">FREUD AND THE SOUL</subfield></datafield></record>