<record><leader>00176 as  22000733u 4500</leader><controlfield tag="001">99199460900001161</controlfield><controlfield tag="005">20140814142406.0</controlfield><datafield tag="100" ind1="1" ind2=" "><subfield code="a">SUTHERLAND, JOHN D.</subfield></datafield><datafield tag="245" ind1="1" ind2="0"><subfield code="a">THE BRITISH OBJECT RELATIONS THEORISTS</subfield></datafield></record>