<record><leader>00257 as  22000973u 4500</leader><controlfield tag="001">99199739520001161</controlfield><controlfield tag="005">20140919152746.0</controlfield><datafield tag="100" ind1="1" ind2=" "><subfield code="a">RUBIN, A.</subfield></datafield><datafield tag="245" ind1="1" ind2="0"><subfield code="a">ETHICS AND POLITICS OF SOCIAL WORK RESEARCH</subfield></datafield><datafield tag="700" ind1="1" ind2=" "><subfield code="a">BABBIE, E.</subfield></datafield><datafield tag="773" ind1="0" ind2=" "><subfield code="t">RESEARCH METHODS FOR SOCIAL WORK</subfield><subfield code="g">yr:2011 </subfield></datafield></record>