<record><leader>00157 am  22000733u 4500</leader><controlfield tag="001">99199240640001161</controlfield><controlfield tag="005">20150610152619.0</controlfield><datafield tag="100" ind1="1" ind2=" "><subfield code="a">HUANG, YASHENG</subfield></datafield><datafield tag="245" ind1="1" ind2="0"><subfield code="a">CAN INDIA OVERTAKE CHINA</subfield></datafield></record>