<record><leader>00157 am  22000733u 4500</leader><controlfield tag="001">99199330740001161</controlfield><controlfield tag="005">20130731195655.0</controlfield><datafield tag="100" ind1="1" ind2="#"><subfield code="a">BRADLEY, CAROLYN</subfield></datafield><datafield tag="245" ind1="1" ind2="0"><subfield code="a">FAITHFUL BUT DIFFERENT</subfield></datafield></record>