<record><leader>00226 as  22000853u 4500</leader><controlfield tag="001">99199690410001161</controlfield><controlfield tag="005">20130731124953.0</controlfield><datafield tag="100" ind1="1" ind2=" "><subfield code="a">DAVIS, ANGELA Y.</subfield></datafield><datafield tag="245" ind1="1" ind2="0"><subfield code="a">RADICAL MULTICULTURALISM</subfield></datafield><datafield tag="773" ind1="0" ind2=" "><subfield code="t">THE MEANING OF FREEDOM</subfield><subfield code="g">pt:5 </subfield><subfield code="g">p:87-103 </subfield><subfield code="g">yr:2012 </subfield></datafield></record>