<record><leader>00147 as  22000733u 4500</leader><controlfield tag="001">99199460960001161</controlfield><controlfield tag="005">20130731182537.0</controlfield><datafield tag="245" ind1="1" ind2="0"><subfield code="a">ABOLITION DEMOCRACY</subfield></datafield><datafield tag="773" ind1="0" ind2=" "><subfield code="t">DAVIS, A.</subfield></datafield></record>