<record><leader>00253 as  22000853u 4500</leader><controlfield tag="001">99199460120001161</controlfield><controlfield tag="005">20140815142116.0</controlfield><datafield tag="100" ind1="1" ind2=" "><subfield code="a">BARRIO, CASEY A.</subfield></datafield><datafield tag="245" ind1="1" ind2="0"><subfield code="a">ASSESSING SUICIDE RISK IN CHILDREN</subfield></datafield><datafield tag="773" ind1="0" ind2=" "><subfield code="t">JOURNAL OF MENTAL HEALTH COUNSELING</subfield><subfield code="g">no:29</subfield><subfield code="g">iss:1</subfield><subfield code="g">p:50-66</subfield><subfield code="g">yr:2007</subfield></datafield></record>