<record><leader>00187 as  22000733u 4500</leader><controlfield tag="001">99199460890001161</controlfield><controlfield tag="005">20150119095413.0</controlfield><datafield tag="100" ind1="1" ind2=" "><subfield code="a">HEINZE, ANDREW</subfield></datafield><datafield tag="245" ind1="1" ind2="0"><subfield code="a">FROM SCARCITY TO ABUNDANCE:  THE IMMIGRANT AS CONSUMER</subfield></datafield></record>