<record><leader>00229 as  22000853u 4500</leader><controlfield tag="001">99199990580001161</controlfield><controlfield tag="005">20140919152742.0</controlfield><datafield tag="100" ind1="1" ind2=" "><subfield code="a">GIELE, JANET Z.</subfield></datafield><datafield tag="245" ind1="1" ind2="0"><subfield code="a">DECLINE OF THE FAMILY:  CONSERVATIVE, LIBERAL, AND FEMINIST VIEWS</subfield></datafield><datafield tag="773" ind1="0" ind2=" "><subfield code="g">pt:2</subfield><subfield code="g">p:57-76</subfield></datafield></record>