<record><leader>00196 as  22000853u 4500</leader><controlfield tag="001">99199899710001161</controlfield><controlfield tag="005">20130801023437.0</controlfield><datafield tag="100" ind1="1" ind2=" "><subfield code="a">SNYDER, KERALA</subfield></datafield><datafield tag="245" ind1="1" ind2="0"><subfield code="a">THE PERFORMANCE OF BUXTEHUDE'S MUSIC</subfield></datafield><datafield tag="773" ind1="0" ind2=" "><subfield code="g">pt:CH. 11 </subfield></datafield></record>