<record><leader>00174 as  22000733u 4500</leader><controlfield tag="001">99199460930001161</controlfield><controlfield tag="005">20130731182449.0</controlfield><datafield tag="100" ind1="1" ind2=" "><subfield code="a">MCWILLIAMS, NANCY</subfield></datafield><datafield tag="245" ind1="1" ind2="0"><subfield code="a">WHAT DEFINES A PSYCHOANALYTIC THERAPY?</subfield></datafield></record>