<record><leader>00161 am  22000733u 4500</leader><controlfield tag="001">99199330780001161</controlfield><controlfield tag="005">20130731195657.0</controlfield><datafield tag="100" ind1="1" ind2="#"><subfield code="a">MELENDEZ, MICHAEL P.</subfield></datafield><datafield tag="245" ind1="1" ind2="0"><subfield code="a">WHO'S OPPRESSING WHOM?</subfield></datafield></record>