<record><leader>00156 am  22000733u 4500</leader><controlfield tag="001">99199080820001161</controlfield><controlfield tag="005">20130731225830.0</controlfield><datafield tag="100" ind1="1" ind2="#"><subfield code="a">CACCINI, GIULIO</subfield></datafield><datafield tag="245" ind1="1" ind2="0"><subfield code="a">PREFACE, NUOVE MUSICHE</subfield></datafield></record>