<record><leader>00235 as  22000853u 4500</leader><controlfield tag="001">99199739450001161</controlfield><controlfield tag="005">20150108142426.0</controlfield><datafield tag="100" ind1="1" ind2=" "><subfield code="a">DELACROIX, EUGENE</subfield></datafield><datafield tag="245" ind1="1" ind2="0"><subfield code="a">THE JOURNAL OF EUGENE DELACROIX - EXCERPTS</subfield></datafield><datafield tag="773" ind1="0" ind2=" "><subfield code="t">THE JOURNAL OF EUGENE DELACROIX</subfield><subfield code="g">yr:1995</subfield></datafield></record>