<record><leader>00144 as  22000733u 4500</leader><controlfield tag="001">99199460970001161</controlfield><controlfield tag="005">20130731182538.0</controlfield><datafield tag="245" ind1="1" ind2="0"><subfield code="a">BLACK POWER</subfield></datafield><datafield tag="773" ind1="0" ind2=" "><subfield code="t">BALDWIN, JAMES</subfield></datafield></record>