<record><leader>00162 as  22000733u 4500</leader><controlfield tag="001">99199460430001161</controlfield><controlfield tag="005">20150108143333.0</controlfield><datafield tag="100" ind1="1" ind2=" "><subfield code="a">MARRINAN, MICHAEL</subfield></datafield><datafield tag="245" ind1="1" ind2="0"><subfield code="a">OLD STONES AND RUMINATIONS</subfield></datafield></record>