<record><leader>00234 as  22000733u 4500</leader><controlfield tag="001">99199390760001161</controlfield><controlfield tag="005">20140812142439.0</controlfield><datafield tag="100" ind1="1" ind2=" "><subfield code="a">WOLLER, WOLFGANG</subfield></datafield><datafield tag="245" ind1="1" ind2="0"><subfield code="a">PSYCHODYNAMIC PSYCHOTHERAPY FOR PTSD RELATED TO CHILDHOOD ABUSE - PRINCIPLES FOR A TREATMENT MANUAL</subfield></datafield></record>