<record><leader>00262 as  22000853u 4500</leader><controlfield tag="001">99200296470001161</controlfield><controlfield tag="005">20141219110338.0</controlfield><datafield tag="100" ind1="1" ind2=" "><subfield code="a">HELMS, JANET E.</subfield></datafield><datafield tag="245" ind1="1" ind2="0"><subfield code="a">RACISM AND ETHNOVIOLENCE AS TRAUMA: ENHANCING PROFESSIONAL TRAINING</subfield></datafield><datafield tag="773" ind1="0" ind2=" "><subfield code="t">TRAUMATOLOGY</subfield><subfield code="g">no:16</subfield><subfield code="g">iss:4</subfield><subfield code="g">p:53-62</subfield><subfield code="g">yr:2010</subfield></datafield></record>