<record><leader>00206 as  22000853u 4500</leader><controlfield tag="001">99199739490001161</controlfield><controlfield tag="005">20150119100426.0</controlfield><datafield tag="100" ind1="1" ind2=" "><subfield code="a">DANQUAH, MERI NANA-AMA</subfield></datafield><datafield tag="245" ind1="1" ind2="0"><subfield code="a">LIFE AS AN ALIEN</subfield></datafield><datafield tag="773" ind1="0" ind2=" "><subfield code="t">HALF AND HALF</subfield><subfield code="g">p:99-111</subfield><subfield code="g">yr:1998</subfield></datafield></record>