<record><leader>00259 am  22000733u 4500</leader><controlfield tag="001">99199080850001161</controlfield><controlfield tag="005">20140109120801.0</controlfield><datafield tag="100" ind1="1" ind2=" "><subfield code="a">BERGEE, M.J. &amp; GRASHEL, J.W.</subfield></datafield><datafield tag="245" ind1="1" ind2="0"><subfield code="a">PSYCHOSOCIAL PROFILES OF MUSIC EDUCATION  UNDERGRADUATES BASED ON ERIKSON'S PRINCIPLES OF EPIGENETIC DEVELOPMENT</subfield></datafield></record>