<record><leader>00531nam  2200205 a 4500</leader><controlfield tag="001">99197089260001161</controlfield><controlfield tag="005">20130801023536.0</controlfield><controlfield tag="008">121103</controlfield><datafield tag="035" ind1=" " ind2=" "><subfield code="a">MK1MP341</subfield></datafield><datafield tag="049" ind1=" " ind2=" "><subfield code="a">BOTN</subfield></datafield><datafield tag="100" ind1="1" ind2="2"><subfield code="a">MEDOFF, PETER.</subfield></datafield><datafield tag="245" ind1=" " ind2="0"><subfield code="a">CREATING THE DUDLEY ST. NEIGHBORHOOD INITIATIVE  (CHAPTER 2)</subfield></datafield><datafield tag="562" ind1=" " ind2=" "><subfield code="a">mugcro</subfield></datafield><datafield tag="856" ind1="4" ind2="0"><subfield code="u">http://digilib.bu.edu/bucr/archive/files/47cd2a6ee113b6c156eaf8a67a1a9cea.PDF</subfield></datafield><datafield tag="902" ind1="2" ind2=" "><subfield code="a">suppressed</subfield></datafield><datafield tag="902" ind1=" " ind2=" "><subfield code="a">mugcro</subfield></datafield><datafield tag="907" ind1=" " ind2=" "><subfield code="a">.b34553903</subfield></datafield><datafield tag="907" ind1=" " ind2=" "><subfield code="a">.b34553903</subfield></datafield><datafield tag="975" ind1=" " ind2=" "><subfield code="a">s</subfield></datafield><datafield tag="999" ind1=" " ind2=" "><subfield code="a">elect</subfield><subfield code="b">0</subfield><subfield code="d">m</subfield><subfield code="e">v</subfield><subfield code="f">s</subfield></datafield></record>