<record><leader>00177 am  22000733u 4500</leader><controlfield tag="001">99199070700001161</controlfield><controlfield tag="005">20141023125112.0</controlfield><datafield tag="100" ind1="1" ind2=" "><subfield code="a">KOTLER</subfield></datafield><datafield tag="245" ind1="1" ind2="0"><subfield code="a">CONDUCTING MARKETING RESEARCH AND FORECASTING DEMAND</subfield></datafield></record>