<record><leader>00162 am  22000733u 4500</leader><controlfield tag="001">99199080650001161</controlfield><controlfield tag="005">20130731225824.0</controlfield><datafield tag="100" ind1="1" ind2="#"><subfield code="a">KEIL, CHARLES</subfield></datafield><datafield tag="245" ind1="1" ind2="0"><subfield code="a">MOTION &amp; FEELING THROUGH MUSIC</subfield></datafield></record>