<record><leader>00550nam  2200205 a 4500</leader><controlfield tag="001">99196506160001161</controlfield><controlfield tag="005">20130812212421.0</controlfield><controlfield tag="008">121103</controlfield><datafield tag="035" ind1=" " ind2=" "><subfield code="a">MK1HB1025</subfield></datafield><datafield tag="049" ind1=" " ind2=" "><subfield code="a">BOTN</subfield></datafield><datafield tag="100" ind1="1" ind2="2"><subfield code="a">KEEFE, RICHARD S.E.</subfield></datafield><datafield tag="245" ind1=" " ind2="0"><subfield code="a">HOW SHOULD DSM-V CRITERIA FOR SCHIZOPHRENIA INCLUDE COGNITIVE IMPAIRMENT?</subfield></datafield><datafield tag="562" ind1=" " ind2=" "><subfield code="a">mugcro</subfield></datafield><datafield tag="856" ind1="4" ind2="0"><subfield code="u">http://digilib.bu.edu/bucr/archive/files/60914046366699f8696c5726a14025bc.PDF</subfield></datafield><datafield tag="902" ind1="2" ind2=" "><subfield code="a">suppressed</subfield></datafield><datafield tag="902" ind1=" " ind2=" "><subfield code="a">mugcro</subfield></datafield><datafield tag="907" ind1=" " ind2=" "><subfield code="a">.b37234857</subfield></datafield><datafield tag="907" ind1=" " ind2=" "><subfield code="a">.b37234857</subfield></datafield><datafield tag="975" ind1=" " ind2=" "><subfield code="a">s</subfield></datafield><datafield tag="999" ind1=" " ind2=" "><subfield code="a">elect</subfield><subfield code="b">0</subfield><subfield code="d">m</subfield><subfield code="e">v</subfield><subfield code="f">s</subfield></datafield></record>