<record><leader>00484nam  2200193 a 4500</leader><controlfield tag="001">99197024080001161</controlfield><controlfield tag="005">20140814133835.0</controlfield><controlfield tag="008">121103</controlfield><datafield tag="035" ind1=" " ind2=" "><subfield code="a">MK1CP375</subfield></datafield><datafield tag="100" ind1="1" ind2="2"><subfield code="a">NOSKO, ANNA.</subfield></datafield><datafield tag="245" ind1=" " ind2="0"><subfield code="a">FEMALE/MALE CO-LEADERSHIP IN GROUPS.</subfield></datafield><datafield tag="562" ind1=" " ind2=" "><subfield code="a">mugcro</subfield></datafield><datafield tag="856" ind1="4" ind2="0"><subfield code="u">http://digilib.bu.edu/bucr/archive/files/426e135e2fe617aa15c5da5dc52cd947.PDF</subfield></datafield><datafield tag="902" ind1="2" ind2=" "><subfield code="a">suppressed</subfield></datafield><datafield tag="902" ind1=" " ind2=" "><subfield code="a">mugcro</subfield></datafield><datafield tag="907" ind1=" " ind2=" "><subfield code="a">.b22077820</subfield></datafield><datafield tag="907" ind1=" " ind2=" "><subfield code="a">.b22077820</subfield></datafield><datafield tag="975" ind1=" " ind2=" "><subfield code="a">s</subfield></datafield><datafield tag="999" ind1=" " ind2=" "><subfield code="a">elect</subfield><subfield code="b">1</subfield><subfield code="d">m</subfield><subfield code="e">a</subfield><subfield code="f">s</subfield></datafield></record>