<record><leader>00189 am  22000733u 4500</leader><controlfield tag="001">99199080800001161</controlfield><controlfield tag="005">20130731225829.0</controlfield><datafield tag="100" ind1="1" ind2="#"><subfield code="a">KURTZMAN, JEFFREY G.</subfield></datafield><datafield tag="245" ind1="1" ind2="0"><subfield code="a">MONTEVERDI VESPERS OF 1610: CH. 15 VOICES &amp; CHOIRS</subfield></datafield></record>