<record><leader>00562nam  2200193 a 4500</leader><controlfield tag="001">99197013110001161</controlfield><controlfield tag="005">20150312132145.0</controlfield><controlfield tag="008">121103</controlfield><datafield tag="035" ind1=" " ind2=" "><subfield code="a">MK1CP430</subfield></datafield><datafield tag="100" ind1="1" ind2="2"><subfield code="a">FONG, LILLIAN.</subfield></datafield><datafield tag="245" ind1=" " ind2="0"><subfield code="a">FACILITATING SERVICES TO MULTICULTURAL COMMUNITIES IN A DOMINANT CULTURE SETTING: AN ORGANIZATIONAL PERSPECTIVE.</subfield></datafield><datafield tag="562" ind1=" " ind2=" "><subfield code="a">mugcro</subfield></datafield><datafield tag="856" ind1="4" ind2="0"><subfield code="u">http://digilib.bu.edu/bucr/archive/files/6d9f9373df4fe8b681e3f3328bca353b.PDF</subfield></datafield><datafield tag="902" ind1="2" ind2=" "><subfield code="a">suppressed</subfield></datafield><datafield tag="902" ind1=" " ind2=" "><subfield code="a">mugcro</subfield></datafield><datafield tag="907" ind1=" " ind2=" "><subfield code="a">.b22078009</subfield></datafield><datafield tag="907" ind1=" " ind2=" "><subfield code="a">.b22078009</subfield></datafield><datafield tag="975" ind1=" " ind2=" "><subfield code="a">s</subfield></datafield><datafield tag="999" ind1=" " ind2=" "><subfield code="a">elect</subfield><subfield code="b">1</subfield><subfield code="d">m</subfield><subfield code="e">a</subfield><subfield code="f">s</subfield></datafield></record>