<record><leader>00141 am  22000733u 4500</leader><controlfield tag="001">99199080690001161</controlfield><controlfield tag="005">20130731225825.0</controlfield><datafield tag="100" ind1="1" ind2="#"><subfield code="a">BOSTON 1838</subfield></datafield><datafield tag="245" ind1="1" ind2="0"><subfield code="a">BOSTON 1838</subfield></datafield></record>