<record><leader>00523nam  2200193 a 4500</leader><controlfield tag="001">99196555330001161</controlfield><controlfield tag="005">20150105142710.0</controlfield><controlfield tag="008">121103</controlfield><datafield tag="035" ind1=" " ind2=" "><subfield code="a">MK1CP877</subfield></datafield><datafield tag="100" ind1="1" ind2="2"><subfield code="a">Fals-Stewart, William.</subfield></datafield><datafield tag="245" ind1=" " ind2="0"><subfield code="a">TREATING INTIMATE PARTNER VIOLENCE AMONG SUBSTANCE-ABUSING DYADS.</subfield></datafield><datafield tag="562" ind1=" " ind2=" "><subfield code="a">mugcro</subfield></datafield><datafield tag="856" ind1="4" ind2="0"><subfield code="u">http://digilib.bu.edu/bucr/archive/files/65a8c7e3bef60eb33bae21e42215d948.PDF</subfield></datafield><datafield tag="902" ind1="2" ind2=" "><subfield code="a">suppressed</subfield></datafield><datafield tag="902" ind1=" " ind2=" "><subfield code="a">mugcro</subfield></datafield><datafield tag="907" ind1=" " ind2=" "><subfield code="a">.b33463876</subfield></datafield><datafield tag="907" ind1=" " ind2=" "><subfield code="a">.b33463876</subfield></datafield><datafield tag="975" ind1=" " ind2=" "><subfield code="a">s</subfield></datafield><datafield tag="999" ind1=" " ind2=" "><subfield code="a">elect</subfield><subfield code="b">0</subfield><subfield code="d">m</subfield><subfield code="e">v</subfield><subfield code="f">s</subfield></datafield></record>