<record><leader>00580nam  2200193 a 4500</leader><controlfield tag="001">99196515140001161</controlfield><controlfield tag="005">20150105142619.0</controlfield><controlfield tag="008">121103</controlfield><datafield tag="035" ind1=" " ind2=" "><subfield code="a">MK1CP876</subfield></datafield><datafield tag="100" ind1="1" ind2="2"><subfield code="a">MITNICK, DANIELLE M.</subfield></datafield><datafield tag="245" ind1=" " ind2="0"><subfield code="a">DIFFERENTIAL ASSOCIATION BETWEEN CHANGE REQUEST QUALITIES AND RESISTANCE, PROBLEM RESOLUTION, AND RELATIONSHIP SATISFACTION.</subfield></datafield><datafield tag="562" ind1=" " ind2=" "><subfield code="a">mugcro</subfield></datafield><datafield tag="856" ind1="4" ind2="0"><subfield code="u">http://digilib.bu.edu/bucr/archive/files/32c5bada64b1bc11b4e4b78d781a75e9.PDF</subfield></datafield><datafield tag="902" ind1="2" ind2=" "><subfield code="a">suppressed</subfield></datafield><datafield tag="902" ind1=" " ind2=" "><subfield code="a">mugcro</subfield></datafield><datafield tag="907" ind1=" " ind2=" "><subfield code="a">.b33463864</subfield></datafield><datafield tag="907" ind1=" " ind2=" "><subfield code="a">.b33463864</subfield></datafield><datafield tag="975" ind1=" " ind2=" "><subfield code="a">s</subfield></datafield><datafield tag="999" ind1=" " ind2=" "><subfield code="a">elect</subfield><subfield code="b">0</subfield><subfield code="d">m</subfield><subfield code="e">v</subfield><subfield code="f">s</subfield></datafield></record>