<record><leader>00182 am  22000733u 4500</leader><controlfield tag="001">99199070860001161</controlfield><controlfield tag="005">20130731225814.0</controlfield><datafield tag="100" ind1="1" ind2="#"><subfield code="a">SIEGEL, DANIEL J.</subfield></datafield><datafield tag="245" ind1="1" ind2="0"><subfield code="a">AN INTERPERSONAL NEUROBIOLOGY OF PSYCHOTHERAPY</subfield></datafield></record>