<record><leader>00557nam  2200205 a 4500</leader><controlfield tag="001">99197062760001161</controlfield><controlfield tag="005">20150318150216.0</controlfield><controlfield tag="008">121103</controlfield><datafield tag="035" ind1=" " ind2=" "><subfield code="a">MK1CP961</subfield></datafield><datafield tag="049" ind1=" " ind2=" "><subfield code="a">BOTN</subfield></datafield><datafield tag="100" ind1="1" ind2="2"><subfield code="a">SHEINBERG, MARCIA.</subfield></datafield><datafield tag="245" ind1=" " ind2="0"><subfield code="a">TREATING FAMILY RELATIONAL TRAUMA:  A RECURSIVE PROCESS USING A DECISION DIALOGUE.</subfield></datafield><datafield tag="562" ind1=" " ind2=" "><subfield code="a">mugcro</subfield></datafield><datafield tag="856" ind1="4" ind2="0"><subfield code="u">http://digilib.bu.edu/bucr/archive/files/8035254f4709c8cc6e15b0ed29f2fc29.PDF</subfield></datafield><datafield tag="902" ind1="2" ind2=" "><subfield code="a">suppressed</subfield></datafield><datafield tag="902" ind1=" " ind2=" "><subfield code="a">mugcro</subfield></datafield><datafield tag="907" ind1=" " ind2=" "><subfield code="a">.b34554051</subfield></datafield><datafield tag="907" ind1=" " ind2=" "><subfield code="a">.b34554051</subfield></datafield><datafield tag="975" ind1=" " ind2=" "><subfield code="a">s</subfield></datafield><datafield tag="999" ind1=" " ind2=" "><subfield code="a">elect</subfield><subfield code="b">0</subfield><subfield code="d">m</subfield><subfield code="e">v</subfield><subfield code="f">s</subfield></datafield></record>