<record><leader>00493nam  2200193 a 4500</leader><controlfield tag="001">99196597310001161</controlfield><controlfield tag="005">20130809090301.0</controlfield><controlfield tag="008">121103</controlfield><datafield tag="100" ind1="1" ind2="2"><subfield code="a">Shulman, Lawrence.</subfield></datafield><datafield tag="245" ind1=" " ind2="0"><subfield code="a">WORKING WITH THE INDIVIDUAL AND THE GROUP.</subfield></datafield><datafield tag="260" ind1="1" ind2=" "><subfield code="a">2008.</subfield></datafield><datafield tag="562" ind1=" " ind2=" "><subfield code="a">mugcro</subfield></datafield><datafield tag="856" ind1="4" ind2="0"><subfield code="u">http://digilib.bu.edu/bucr/archive/files/f181cb317fbe5c9e02ffa5aad8023a2c.PDF</subfield></datafield><datafield tag="902" ind1="2" ind2=" "><subfield code="a">suppressed</subfield></datafield><datafield tag="902" ind1=" " ind2=" "><subfield code="a">mugcro</subfield></datafield><datafield tag="907" ind1=" " ind2=" "><subfield code="a">.b2788577x</subfield></datafield><datafield tag="907" ind1=" " ind2=" "><subfield code="a">.b2788577x</subfield></datafield><datafield tag="975" ind1=" " ind2=" "><subfield code="a">s</subfield></datafield><datafield tag="999" ind1=" " ind2=" "><subfield code="a">elect</subfield><subfield code="b">0</subfield><subfield code="d">m</subfield><subfield code="e">a</subfield><subfield code="f">s</subfield></datafield></record>