<record><leader>00197 am  22000733u 4500</leader><controlfield tag="001">99199080620001161</controlfield><controlfield tag="005">20130731225823.0</controlfield><datafield tag="100" ind1="1" ind2="#"><subfield code="a">REIMER, BENNETT</subfield></datafield><datafield tag="245" ind1="1" ind2="0"><subfield code="a">MUSIC EDUCATION AS AESTHETIC EDUCATION: THE PERFORMANCE PROGRAM</subfield></datafield></record>