<record><leader>00118 am  22000613u 4500</leader><controlfield tag="001">99199080630001161</controlfield><controlfield tag="005">20130731225824.0</controlfield><datafield tag="245" ind1="1" ind2="0"><subfield code="a">FOUNDATIONS CH.2</subfield></datafield></record>